"Count","Tradelist Count","Name","Edition","Condition","Language","Foil","Tags","Last Modified","Collector Number","Alter","Proxy","Purchase Price"
"1","1","Aang's Journey","tla","Near Mint","English","","","2025-11-15 16:33:07.270000","1","False","False","0.17"
"1","1","Abandon Attachments","tla","Near Mint","English","","","2025-11-15 16:33:07.270000","205","False","False","0.14"
"2","2","Abandoned Campground","dsk","Near Mint","English","","","2024-12-21 09:48:30.027000","255","False","False",""
"1","1","Aberrant","40k","Near Mint","English","","","2024-10-18 22:29:37.760000","86","False","False",""
"1","1","Abomination of Gudul","ktk","Near Mint","English","","","2026-01-07 10:29:02.570000","159","False","False",""
"1","1","Abrade","blc","Near Mint","English","","","2024-10-31 14:04:09.160000","191","False","False",""
"1","1","Abrade","tdc","Near Mint","English","","","2025-11-17 08:09:05.513000","203","False","False","0.09"
"1","1","Abstruse Appropriation","mh3","Near Mint","Spanish","","","2025-11-12 10:11:55.850000","177","False","False","0.24"
"1","1","Abundance","40k","Near Mint","English","","","2024-10-18 23:00:36.450000","210","False","False",""
"1","1","Abundant Growth","inr","Near Mint","Spanish","","","2025-01-25 23:24:13.340000","184","False","False",""
"1","1","Abundant Harvest","mh2","Near Mint","English","","","2025-11-28 11:54:13.973000","147","False","False",""
"2","2","Academy Wall","dmu","Near Mint","Spanish","","","2025-11-24 17:25:14.333000","41","False","False","0.12"
"1","1","Accursed Marauder","mh3","Near Mint","Spanish","","","2025-11-17 08:09:05.513000","80","False","False","0.25"
"1","1","Acolyte Hybrid","40k","Near Mint","English","","","2024-10-22 08:43:58.693000","70","False","False",""
"3","3","Acrobatic Cheerleader","dsk","Near Mint","English","","","2024-10-22 09:36:30.000000","1","False","False",""
"1","1","Acrobatic Maneuver","kld","Near Mint","English","","","2025-04-28 06:37:25.550000","1","False","False","0.08"
"1","1","Adarkar Wastes","dsc","Near Mint","Spanish","","","2024-10-21 12:13:31.090000","258","False","False",""
"1","1","Adelbert Steiner","fin","Near Mint","Spanish","","","2025-06-23 16:34:13.207000","3","False","False","0.06"
"2","2","Adorned Crocodile","tdm","Near Mint","Spanish","","","2025-06-29 09:15:51.403000","69","False","False",""
"1","1","Adventurer's Airship","fin","Near Mint","Spanish","","","2025-06-23 16:34:13.207000","252","False","False","0.04"
"1","1","Adventuring Gear","fdn","Near Mint","Spanish","","","2024-11-09 09:36:47.540000","249","False","False",""
"2","2","Adventuring Gear","fdn","Near Mint","English","","","2025-11-24 17:25:14.333000","249","False","False","0.12"
"1","1","Aegis Automaton","aer","Near Mint","Spanish","","","2025-04-28 06:37:25.550000","141","False","False","0.05"
"1","1","Aegis Turtle","fdn","Near Mint","English","","","2024-12-21 09:51:25.737000","150","False","False",""
"1","1","Aerial Assault","m20","Near Mint","Spanish","","","2025-04-28 06:37:25.550000","1","False","False","0.12"
"1","1","Aerialephant","unf","Near Mint","English","","","2025-11-24 17:25:14.333000","2","False","False","0.05"
"1","1","Aerie Auxiliary","mh3","Near Mint","English","","","2025-04-28 06:37:25.550000","18","False","False","0.05"
"3","3","Aeronaut Cavalry","bro","Near Mint","English","","","2025-04-28 06:37:25.550000","1","False","False","0.06"
"1","1","Aether Channeler","dmu","Near Mint","Spanish","","","2024-11-08 12:05:55.887000","42","False","False",""
"1","1","Aether Gale","c21","Near Mint","English","","","2024-10-21 10:26:35.740000","113","False","False",""
"1","1","Aether Syphon","dft","Near Mint","English","","","2025-03-03 13:46:00.783000","38","False","False",""
"1","1","Aetherize","40k","Near Mint","English","","","2024-10-18 23:07:08.680000","191","False","False",""
"1","1","Aetherjacket","dft","Near Mint","English","foil","","2025-08-05 16:30:28.470000","230","False","False","0.04"
"1","1","Affectionate Indrik","fdn","Near Mint","English","","","2024-12-21 09:51:51.047000","211","False","False",""
"1","1","Afterlife from the Loam","tdc","Near Mint","Spanish","","","2025-04-16 17:30:53.453000","25","False","False",""
"1","1","Agate Assault","blb","Near Mint","English","","","2025-11-24 17:25:14.333000","122","False","False","0.07"
"1","1","Agate Assault","blb","Near Mint","English","","","2025-05-13 08:55:27.847000","122","False","False",""
"1","1","Agate Assault","blb","Near Mint","Spanish","","","2024-10-22 08:28:40.683000","122","False","False",""
"1","1","Agate-Blade Assassin","blb","Near Mint","English","","","2025-11-24 17:25:14.333000","82","False","False","0.08"
"1","1","Agent of the Iron Throne","clb","Near Mint","English","etched","","2025-02-19 09:24:06.077000","492","False","False",""
"1","1","Agent of the Iron Throne","clb","Near Mint","Spanish","","","2025-11-17 08:09:05.513000","107","False","False","0.45"
"1","1","Aggressive Biomancy","m3c","Near Mint","English","","","2024-10-18 22:32:10.350000","121","False","False",""
"1","1","Aggressive Mammoth","fdn","Near Mint","Spanish","","","2025-05-02 08:25:15.180000","551","False","False",""
"1","1","Aggressive Sabotage","dmu","Near Mint","German","","","2025-01-20 10:20:10.197000","78","False","False",""
"1","1","Agonizing Syphon","m20","Near Mint","Spanish","","","2025-11-24 17:25:14.333000","83","False","False","0.03"
"1","1","Ahriman","fin","Near Mint","Spanish","","","2025-06-23 16:34:13.207000","87","False","False","0.02"
"1","1","Ahriman","fin","Near Mint","English","","","2025-07-01 06:03:05.183000","87","False","False",""
"1","1","Ainok Wayfarer","tdm","Near Mint","English","","","2025-05-18 06:33:17.150000","134","False","False",""
"1","1","Air Elemental","m20","Near Mint","Spanish","","","2025-11-24 17:25:14.333000","44","False","False","0.03"
"1","1","Ajani Fells the Godsire","mh3","Near Mint","Spanish","","","2025-11-12 10:11:55.850000","19","False","False","0.08"
"1","1","Ajani's Pridemate","fdn","Near Mint","Spanish","","","2025-11-24 17:25:14.333000","135","False","False","0.17"
"1","1","Ajani's Pridemate","fdn","Near Mint","English","","","2025-11-24 17:25:14.333000","135","False","False","0.17"
"1","1","Al Bhed Salvagers","fin","Near Mint","Spanish","","","2025-06-23 16:34:13.207000","88","False","False","0.02"
"1","1","Alania's Pathmaker","blb","Near Mint","English","","","2025-04-28 06:37:25.550000","123","False","False","0.07"
"1","1","Alania's Pathmaker","blb","Near Mint","Spanish","","","2024-10-22 08:27:49.107000","123","False","False",""
"1","1","Alchemist's Greeting","inr","Near Mint","Spanish","","","2025-01-25 23:27:52.177000","140","False","False",""
"1","1","Alesha, Who Laughs at Fate","fdn","Near Mint","Spanish","foil","","2024-11-09 09:39:20.903000","115","False","False",""
"2","2","All Will Be One","one","Near Mint","Spanish","","","2025-04-22 09:26:13.410000","118","False","False",""
"1","1","Alley Strangler","aer","Near Mint","English","","","2025-04-28 06:37:25.550000","52","False","False","0.07"
"1","1","All-Fates Scroll","eoe","Near Mint","English","","","2025-08-21 20:56:37.747000","234","False","False","0.14"
"1","1","All-Fates Scroll","eoe","Near Mint","Spanish","","","2025-08-21 20:56:37.747000","234","False","False","0.14"
"1","1","All-Fates Stalker","eoe","Near Mint","Spanish","","","2025-08-21 20:56:37.747000","3","False","False","0.11"
"2","2","Allies at Last","tla","Near Mint","English","","","2025-11-15 16:33:07.270000","164","False","False","0.15"
"1","1","Alloy Animist","bro","Near Mint","Spanish","","","2025-04-28 06:37:25.550000","166","False","False","0.06"
"1","1","Alpharael, Dreaming Acolyte","eoe","Near Mint","English","","","2025-08-21 20:59:01.370000","212","False","False",""
"2","2","Alpine Grizzly","ktk","Near Mint","English","","","2025-04-28 06:37:25.550000","127","False","False","0.13"
"2","2","Altanak, the Thrice-Called","dsk","Near Mint","English","","","2024-10-21 20:58:45.240000","166","False","False",""
"1","1","Altered Ego","soi","Near Mint","English","","","2024-10-18 23:15:28.393000","241","False","False",""
"1","1","Ambitious Aetherborn","kld","Near Mint","English","","","2025-04-28 06:37:25.550000","72","False","False","0.04"
"1","1","Ambitious Assault","neo","Near Mint","English","","","2025-11-24 17:25:14.333000","133","False","False","0.04"
"1","1","Ambrosia Whiteheart","fin","Near Mint","Spanish","","","2025-06-23 16:34:13.207000","6","False","False","0.02"
"1","1","Ambush Paratrooper","bro","Near Mint","English","","","2025-04-28 06:37:25.550000","3","False","False","0.03"
"1","1","Ambush Paratrooper","bro","Near Mint","Spanish","","","2025-04-28 06:37:25.550000","3","False","False","0.03"
"2","2","Ambush Wolf","fdn","Near Mint","English","","","2025-11-24 17:25:14.333000","98","False","False","0.05"
"1","1","Aminatou, the Fateshifter","2x2","Near Mint","English","","","2025-04-07 13:25:51.913000","169","False","False",""
"1","1","Aminatou, Veil Piercer","dsc","Near Mint","Spanish","foil","","2024-10-21 11:59:57.420000","1","False","False",""
"1","1","Aminatou's Augury","dsc","Near Mint","Spanish","","","2024-10-21 12:01:40.720000","71","False","False",""
"1","1","Amphibian Downpour","mh3","Near Mint","English","","","2025-07-04 17:31:14.547000","51","False","False",""
"1","1","Amphin Mutineer","tdc","Near Mint","Spanish","","","2025-04-16 17:26:58.507000","143","False","False",""
"1","1","An Offer You Can't Refuse","fdn","Near Mint","English","","","2024-11-17 01:53:51.833000","160","False","False",""
"1","1","Ancestral Blade","cmm","Near Mint","English","","","2025-04-28 06:37:25.550000","12","False","False","0.03"
"1","1","Ancient Cellarspawn","dsc","Near Mint","Spanish","","","2024-10-21 11:59:06.513000","16","False","False",""
"4","4","Ancient Grudge","tsr","Near Mint","Spanish","","","2025-11-13 19:03:59.300000","151","False","False","0.21"
"1","1","Ancient Imperiosaur","mom","Near Mint","Spanish","","","2024-11-08 12:03:53.390000","174","False","False",""
"1","1","Angel of Finality","fdn","Near Mint","Spanish","","","2024-11-09 09:36:15.880000","136","False","False",""
"1","1","Angel of Renewal","bfz","Near Mint","English","","","2025-04-28 06:37:25.550000","18","False","False","0.05"
"2","2","Angry Rabble","spm","Near Mint","English","","","2025-10-05 12:47:59.777000","75","False","False",""
"1","1","Animist's Awakening","ori","Near Mint","Spanish","","","2024-10-21 12:39:26.313000","169","False","False",""
"1","1","Ankle Biter","otj","Near Mint","English","","","2025-04-28 06:37:25.550000","153","False","False","0.08"
"2","2","Annoyed Altisaur","mh3","Near Mint","English","","","2025-04-28 06:37:25.550000","284","False","False","0.12"
"1","1","Annul","eoe","Near Mint","Spanish","","","2025-08-21 20:56:37.747000","46","False","False","0.19"
"1","1","Annul","eoe","Near Mint","English","","","2025-08-21 20:56:37.747000","46","False","False","0.19"
"3","3","Anthropede","dsk","Near Mint","English","","","2024-10-21 21:00:01.980000","167","False","False",""
"1","1","Anticausal Vestige","eoe","Near Mint","Spanish","","","2025-08-11 08:58:37.620000","1","False","False","0.02"
"1","1","Apocalypse Hydra","mm2","Near Mint","English","","","2024-10-21 11:17:50.383000","171","False","False",""
"2","2","Apothecary Stomper","fdn","Near Mint","Spanish","","","2024-11-14 09:13:40.810000","99","False","False",""
"2","2","Apothecary Stomper","fdn","Near Mint","English","","","2025-11-24 17:25:14.333000","99","False","False","0.02"
"2","2","Appeal to Eirdu","ecl","Near Mint","Spanish","","","2026-03-16 09:34:40.437000","5","False","False","0.03"
"1","1","Appeal to Eirdu","ecl","Near Mint","Spanish","","","2026-01-19 17:35:55.460000","5","False","False","0.08"
"3","3","Appendage Amalgam","dsk","Near Mint","English","","","2024-10-22 09:57:28.330000","83","False","False",""
"1","1","Appendage Amalgam","dsk","Near Mint","Spanish","","","2025-03-30 08:58:05.707000","83","False","False",""
"1","1","Arabella, Abandoned Doll","dsk","Near Mint","English","foil","","2024-10-21 15:34:18.157000","208","False","False",""
"1","1","Arabella, Abandoned Doll","dsk","Near Mint","English","","","2024-10-21 15:34:06.843000","208","False","False",""
"1","1","Arabella, Abandoned Doll","dsk","Near Mint","Spanish","","","2025-03-30 08:54:34.207000","208","False","False",""
"1","1","Aragorn and Arwen, Wed","ltr","Near Mint","English","foil","","2024-11-08 11:51:52.473000","287","False","False",""
"1","1","Araña, Heart of the Spider","spm","Near Mint","Spanish","","","2025-09-30 06:45:57.027000","123","False","False",""
"1","1","Arbiter of Woe","fdn","Near Mint","English","foil","","2025-11-24 16:58:04.680000","55","False","False",""
"1","1","Arcane Denial","dsc","Near Mint","Spanish","","","2024-10-21 12:02:38.150000","110","False","False",""
"1","1","Arcane Sanctum","dsc","Near Mint","Spanish","","","2024-10-21 12:13:53.127000","259","False","False",""
"1","1","Arcane Signet","dsc","Near Mint","Spanish","","","2024-10-21 12:04:40.550000","92","False","False",""
"1","1","Arcane Signet","otc","Near Mint","English","","","2024-10-21 10:30:27.310000","252","False","False",""
"1","1","Arcane Signet","tdc","Near Mint","Spanish","","","2025-04-16 17:30:32.587000","105","False","False",""
"1","1","Arcane Signet","40k","Near Mint","English","","","2024-10-18 22:39:27.237000","227","False","False",""
"1","1","Arcbound Tracker","mh2","Near Mint","English","","","2024-10-22 08:45:51.470000","112","False","False",""
"1","1","Archenemy's Charm","eoe","Near Mint","Spanish","","","2025-08-05 17:31:54.153000","88","False","False",""
"1","1","Archetype of Imagination","dsc","Near Mint","Spanish","","","2024-10-21 11:59:28.753000","111","False","False",""
"2","2","Archive Dragon","woe","Near Mint","Spanish","","","2024-11-08 12:06:33.610000","41","False","False",""
"1","1","Archmage Emeritus","otc","Near Mint","English","","","2024-11-08 09:54:56.337000","90","False","False",""
"1","1","Archon of Sun's Grace","thb","Near Mint","Spanish","","","2025-10-23 22:06:37.823000","3","False","False",""
"1","1","Argivian Phalanx","dmu","Near Mint","Spanish","","","2025-04-28 06:37:25.550000","5","False","False","0.02"
"1","1","Argothian Opportunist","bro","Near Mint","Spanish","","","2025-04-28 06:37:25.550000","167","False","False","0.05"
"2","2","Argothian Sprite","bro","Near Mint","Spanish","","","2025-04-28 06:37:25.550000","168","False","False","0.05"
"2","2","Armasaur Guide","fdn","Near Mint","English","","","2025-11-24 17:25:14.333000","3","False","False","0.06"
"2","2","Armored Armadillo","otj","Near Mint","Spanish","","","2025-04-28 06:37:25.550000","3","False","False","0.09"
"2","2","Armored Armadillo","otj","Near Mint","English","","","2025-04-28 06:37:25.550000","3","False","False","0.09"
"2","2","Armory Guard","rvr","Near Mint","Spanish","","","2025-04-28 06:37:25.550000","3","False","False","0.02"
"1","1","Armory Veteran","afr","Near Mint","Spanish","","","2024-10-22 08:46:26.820000","130","False","False",""
"1","1","Arms of Hadar","clb","Near Mint","English","","","2025-11-24 16:55:54.193000","113","False","False",""
"1","1","Arms of Hadar","clb","Near Mint","Spanish","","","2025-11-24 16:56:16.693000","113","False","False",""
"1","1","Arvinox, the Mind Flail","dsc","Near Mint","Spanish","","","2024-10-21 11:59:33.203000","130","False","False",""
"1","1","Ash Barrens","pip","Near Mint","English","","","2024-10-21 10:22:55.723000","253","False","False",""
"2","2","Ash Barrens","dsc","Near Mint","English","","","2025-05-15 08:45:05.193000","260","False","False",""
"1","1","Ash Barrens","dsc","Near Mint","Spanish","","","2024-10-21 12:14:02.187000","260","False","False",""
"1","1","Ash Barrens","40k","Near Mint","English","","","2024-10-22 10:08:33.363000","265","False","False",""
"1","1","Ashiok's Skulker","war","Near Mint","English","","","2025-11-24 17:25:14.333000","40","False","False","0.11"
"1","1","Ashling's Command","ecl","Near Mint","Spanish","","","2026-01-19 17:35:55.460000","205","False","False","1.00"
"4","4","Ashnod's Altar","chr","Near Mint","English","","","2025-11-18 12:54:13.420000","92","False","False",""
"1","1","Assault Suit","c14","Near Mint","English","","","2025-04-09 10:29:39.440000","53","False","False",""
"2","2","Assert Perfection","ecl","Near Mint","Spanish","","","2026-01-19 17:35:55.460000","164","False","False","0.09"
"1","1","Astelli Reclaimer","eoe","Near Mint","English","","","2025-08-05 17:37:11.600000","4","False","False",""
"1","1","Astral Cornucopia","brr","Near Mint","English","","","2024-10-18 22:40:15.133000","5","False","False",""
"1","1","Atalan Jackal","40k","Near Mint","English","","","2024-10-18 22:30:33.297000","105","False","False",""
"1","1","Athreos, Shroud-Veiled","dsc","Near Mint","Spanish","","","2024-10-21 11:59:38.073000","212","False","False",""
"1","1","Atmospheric Greenhouse","eoe","Near Mint","English","foil","","2025-08-21 20:56:37.747000","171","False","False","0.07"
"2","2","Atomic Microsizer","eoe","Near Mint","Spanish","","","2025-08-21 20:56:37.747000","47","False","False","0.06"
"1","1","Attack-in-the-Box","dsk","Near Mint","English","","","2024-10-22 10:01:49.553000","242","False","False",""
"1","1","Attune with Aether","drc","Near Mint","English","","","2025-04-28 06:37:25.550000","109","False","False","0.09"
"1","1","Audacity","bro","Near Mint","Spanish","","","2025-04-28 06:37:25.550000","169","False","False","0.40"
"1","1","Auramancer","dsc","Near Mint","Spanish","","","2024-10-21 11:59:44.217000","97","False","False",""
"2","2","Auriok Sunchaser","som","Near Mint","Spanish","","","2025-06-08 10:22:41.153000","4","False","False",""
"1","1","Autarch Mammoth","dft","Near Mint","English","","","2025-03-03 13:44:09.273000","153","False","False",""
"1","1","Authority of the Consuls","fdn","Near Mint","English","","","2024-11-17 01:54:03.800000","137","False","False",""
"2","2","Auxiliary Boosters","eoe","Near Mint","Spanish","","","2025-08-21 20:56:37.747000","5","False","False","0.05"
"1","1","Auxiliary Boosters","eoe","Near Mint","English","","","2025-08-21 20:56:37.747000","5","False","False","0.05"
"1","1","Auxiliary Boosters","eoe","Near Mint","Spanish","foil","","2025-08-21 20:56:37.747000","5","False","False","0.02"
"1","1","Avenger of Zendikar","tdc","Near Mint","Spanish","","","2025-04-16 17:27:03.257000","247","False","False",""
"1","1","Avenging Hunter","clb","Near Mint","Spanish","","","2025-11-24 17:25:14.333000","215","False","False","2.02"
"1","1","Awaken the Honored Dead","tdm","Near Mint","Spanish","","","2025-06-25 07:04:36.663000","170","False","False",""
"1","1","Awakened Awareness","neo","Near Mint","English","","","2025-11-24 17:25:14.333000","47","False","False","0.06"
"1","1","Axgard Cavalry","fdn","Near Mint","English","","","2025-11-24 17:25:14.333000","189","False","False","0.04"
"1","1","Azorius Chancery","dsc","Near Mint","Spanish","","","2024-10-21 12:14:10.220000","261","False","False",""
"1","1","Azorius Signet","dsc","Near Mint","Spanish","","","2024-10-21 12:04:44.283000","240","False","False",""
"1","1","Azula Always Lies","tla","Near Mint","English","","","2025-11-15 16:30:23.090000","84","False","False",""
"1","1","Azula, On the Hunt","tla","Near Mint","English","","","2025-11-15 16:30:41.703000","85","False","False",""
"1","1","Back for Seconds","woe","Near Mint","English","","","2025-01-13 18:46:23.993000","80","False","False",""
"1","1","Back on Track","dft","Near Mint","English","","","2025-08-05 16:30:48.110000","76","False","False",""
"1","1","Backstreet Bruiser","snc","Near Mint","Spanish","","","2024-10-22 07:38:02.223000","35","False","False",""
"1","1","Badgermole","tla","Near Mint","English","","","2025-11-15 16:33:07.270000","166","False","False","0.11"
"1","1","Badgermole","tla","Near Mint","English","foil","","2025-11-15 16:33:07.270000","166","False","False","0.16"
"2","2","Bag End Porter","ltr","Near Mint","English","","","2024-11-08 11:51:52.473000","153","False","False",""
"1","1","Bagel and Schmear","spm","Near Mint","Spanish","","","2025-09-30 06:53:47.817000","161","False","False","0.02"
"1","1","Bake into a Pie","fdn","Near Mint","Spanish","foil","","2024-11-14 09:26:55.700000","169","False","False",""
"1","1","Balemurk Leech","dsk","Near Mint","Spanish","","","2025-03-30 08:52:58.623000","84","False","False",""
"3","3","Balemurk Leech","dsk","Near Mint","English","","","2024-10-22 09:52:32.063000","84","False","False",""
"1","1","Balmor, Battlemage Captain","fdn","Near Mint","English","","","2024-11-17 01:53:12.320000","237","False","False",""
"1","1","Bamboo Grove Archer","neo","Near Mint","English","","","2025-11-24 17:25:14.333000","173","False","False","0.02"
"1","1","Banefire","mm2","Near Mint","English","","","2025-08-07 16:48:52.440000","104","False","False",""
"2","2","Bane's Invoker","clb","Near Mint","Spanish","","","2025-04-28 06:37:25.550000","7","False","False","0.06"
"1","1","Banishing Light","fdn","Near Mint","English","","","2025-10-21 12:58:38.197000","138","False","False","0.03"
"1","1","Banishing Light","blb","Near Mint","Spanish","","","2024-10-22 09:24:30.917000","1","False","False",""
"2","2","Banishing Light","ltc","Near Mint","English","","","2024-11-08 11:51:52.473000","161","False","False",""
"1","1","Banishing Light","eoe","Near Mint","Spanish","","","2025-09-01 16:39:28.257000","6","False","False","0.05"
"2","2","Banishing Light","eoe","Near Mint","English","","","2025-08-21 20:56:37.747000","6","False","False","0.06"
"1","1","Banishment","clb","Near Mint","Spanish","","","2025-04-28 06:37:25.550000","8","False","False","0.10"
"1","1","Bar Entry","unf","Near Mint","English","","","2025-11-24 17:25:14.333000","4","False","False","0.06"
"1","1","Barbed Bloodletter","ecl","Near Mint","Spanish","","","2026-01-19 17:35:55.460000","86","False","False","0.10"
"1","1","Bard's Bow","fin","Near Mint","Spanish","foil","","2025-06-23 16:34:13.207000","174","False","False","0.07"
"1","1","Bard's Bow","fin","Near Mint","Spanish","","","2025-06-23 16:34:13.207000","174","False","False","0.04"
"1","1","Bark of Doran","ecl","Near Mint","Spanish","","","2026-03-16 09:34:40.437000","6","False","False","0.09"
"2","2","Barkform Harvester","blb","Near Mint","Spanish","","","2024-10-22 10:05:41.743000","243","False","False",""
"1","1","Barkform Harvester","blb","Near Mint","English","foil","","2025-11-17 08:09:05.513000","243","False","False","0.16"
"1","1","Bark-Knuckle Boxer","blb","Near Mint","Spanish","","","2024-10-21 21:05:37.500000","164","False","False",""
"1","1","Barkweave Crusher","dmu","Near Mint","Spanish","","","2025-04-28 06:37:25.550000","154","False","False","0.04"
"2","2","Barrels of Blasting Jelly","tla","Near Mint","English","","","2025-11-15 16:33:07.270000","254","False","False","0.10"
"1","1","Barrow Naughty","woe","Near Mint","English","","","2025-11-24 16:56:53.857000","81","False","False",""
"1","1","Bartered Cow","eld","Near Mint","English","","","2025-04-28 06:37:25.550000","6","False","False","0.07"
"1","1","Baseball Bat","dsk","Near Mint","English","","","2024-10-21 15:37:10.050000","209","False","False",""
"3","3","Bashful Beastie","dsk","Near Mint","English","","","2024-10-21 20:59:11.030000","169","False","False",""
"1","1","Basilica Guards","rvr","Near Mint","English","","","2025-11-24 17:25:14.333000","7","False","False","0.04"
"1","1","Basilisk Collar","pip","Near Mint","English","","","2024-10-21 10:43:38.883000","225","False","False",""
"1","1","Basri, Tomorrow's Champion","dft","Near Mint","English","","","2025-03-03 13:44:24.127000","3","False","False",""
"1","1","Bastion Mastodon","kld","Near Mint","English","","","2025-04-28 06:37:25.550000","197","False","False","0.03"
"1","1","Bastion of Remembrance","j25","Near Mint","English","","","2025-01-13 18:50:17.947000","403","False","False",""
"4","4","Battle Screech","jud","Near Mint","Spanish","","","2024-10-28 10:26:07.407000","3","False","False",""
"1","1","Battle-Rage Blessing","dmu","Near Mint","Spanish","","","2024-10-22 09:46:41.740000","80","False","False",""
"1","1","Beamsaw Prospector","eoe","Near Mint","English","","","2025-08-21 20:56:37.747000","89","False","False","0.07"
"2","2","Beamsaw Prospector","eoe","Near Mint","Spanish","","","2025-08-21 20:56:37.747000","89","False","False","0.07"
"3","3","Bear Trap","dsk","Near Mint","English","","","2024-10-22 10:03:14.120000","243","False","False",""
"1","1","Bear Trap","dsk","Near Mint","Spanish","","","2025-03-30 08:52:15.763000","243","False","False",""
"1","1","Bearer of Glory","tdm","Near Mint","English","","","2025-05-18 06:32:20.010000","4","False","False",""
"1","1","Beast Within","tdc","Near Mint","English","","","2025-05-13 08:54:11.377000","249","False","False",""
"1","1","Beastie Beatdown","dsk","Near Mint","English","foil","","2024-10-21 15:46:58.277000","210","False","False",""
"2","2","Beastie Beatdown","dsk","Near Mint","English","","","2024-10-21 15:46:55.253000","210","False","False",""
"1","1","Beastrider Vanguard","dft","Near Mint","English","","","2025-03-03 13:42:49.287000","154","False","False",""
"1","1","Bedevil","dsc","Near Mint","English","","","2025-01-13 18:48:59.553000","84","False","False",""
"3","3","Bedhead Beastie","dsk","Near Mint","English","","","2024-10-22 08:41:00.483000","125","False","False",""
"1","1","Behold the Multiverse","khm","Near Mint","Spanish","","","2024-10-21 10:30:17.553000","46","False","False",""
"1","1","Bellowing Crier","blb","Near Mint","English","","","2025-11-24 17:25:14.333000","42","False","False","0.08"
"2","2","Bellowing Elk","mh1","Near Mint","Spanish","","","2025-04-28 06:37:25.550000","157","False","False","0.03"
"1","1","Bender's Waterskin","tla","Near Mint","English","","","2025-11-15 16:33:07.270000","255","False","False","0.74"
"1","1","Benevolent Bodyguard","ema","Near Mint","English","","","2024-10-21 11:26:56.637000","4","False","False",""
"1","1","Bestial Bloodline","woe","Near Mint","English","","","2025-04-28 06:37:25.550000","162","False","False","0.02"
"1","1","Bestow Greatness","dft","Near Mint","English","","","2025-05-25 11:23:38.607000","155","False","False","0.09"
"1","1","Bestow Greatness","dft","Near Mint","English","","","2025-03-03 13:43:27.723000","155","False","False",""
"1","1","Betrayer's Bargain","dsk","Near Mint","Spanish","","","2025-03-30 09:00:06.823000","126","False","False",""
"2","2","Betrayer's Bargain","dsk","Near Mint","English","","","2024-10-22 08:43:01.247000","126","False","False",""
"1","1","Bewilder","tsr","Near Mint","English","","","2025-11-24 17:25:14.333000","53","False","False","0.05"
"1","1","Bewitching Leechcraft","ltr","Near Mint","English","","","2025-11-24 17:25:14.333000","41","False","False","0.05"
"1","1","Beyond the Quiet","eoe","Near Mint","Spanish","","","2025-09-13 23:26:56.867000","303","False","False",""
"1","1","Big Score","snc","Near Mint","Spanish","","","2024-10-21 10:33:03.940000","102","False","False",""
"1","1","Bigfin Bouncer","fdn","Near Mint","Spanish","","","2024-11-14 09:22:20.630000","31","False","False",""
"1","1","Bigfin Bouncer","fdn","Near Mint","English","","","2025-11-24 17:25:14.333000","31","False","False","0.07"
"1","1","Bilbo's Ring","ltr","Near Mint","English","","","2024-11-08 11:51:52.473000","298","False","False",""
"1","1","Bile-Vial Boggart","ecl","Near Mint","Spanish","","","2026-01-19 17:35:55.460000","87","False","False","0.12"
"1","1","Billowing Shriekmass","fdn","Near Mint","Spanish","","","2024-11-09 09:28:56.477000","56","False","False",""
"2","2","Billowing Shriekmass","fdn","Near Mint","English","","","2025-10-05 12:51:14.250000","56","False","False",""
"1","1","Bind the Monster","khm","Near Mint","Spanish","","","2025-11-24 17:25:14.333000","48","False","False","0.25"
"1","1","Bioengineered Future","eoe","Near Mint","Spanish","","","2025-08-05 17:34:12.310000","172","False","False",""
"1","1","Biolume Egg // Biolume Serpent","inr","Near Mint","Spanish","","","2025-01-25 23:17:26.413000","455","False","False",""
"1","1","Biomechan Engineer","eoe","Near Mint","English","","","2025-08-21 20:59:42.917000","213","False","False",""
"1","1","Biophagus","40k","Near Mint","English","","","2024-10-18 22:33:32.867000","87","False","False",""
"1","1","Biosynthic Burst","eoe","Near Mint","English","foil","","2025-08-21 20:56:37.747000","173","False","False","0.10"
"2","2","Biosynthic Burst","eoe","Near Mint","English","","","2025-08-21 20:56:37.747000","173","False","False","0.09"
"2","2","Biosynthic Burst","eoe","Near Mint","Spanish","","","2025-08-21 20:56:37.747000","173","False","False","0.09"
"1","1","Biotech Specialist","eoe","Near Mint","Spanish","","","2025-08-05 17:29:24.800000","214","False","False",""
"1","1","Birds of Paradise","m11","Near Mint","English","","","2024-12-04 09:43:59.303000","165","False","False",""
"1","1","Birgi, God of Storytelling // Harnfel, Horn of Bounty","khm","Near Mint","English","","","2025-01-22 09:36:02.287000","311","False","False",""
"1","1","Bishop of Rebirth","pxln","Near Mint","Spanish","foil","","2025-05-25 11:23:38.607000","5","False","False","0.31"
"1","1","Bite Down","fdn","Near Mint","English","","","2025-10-05 12:50:08.217000","212","False","False",""
"1","1","Bite Down","fdn","Near Mint","Spanish","","","2024-11-09 09:24:21.207000","212","False","False",""
"1","1","Bitterbloom Bearer","ecl","Near Mint","Spanish","","","2026-03-16 09:34:40.437000","88","False","False","18.48"
"2","2","Black Mage's Rod","fin","Near Mint","Spanish","","","2025-06-23 16:34:13.207000","90","False","False","0.32"
"1","1","Blacksmith's Talent","blb","Near Mint","Spanish","","","2024-10-22 08:45:40.620000","125","False","False",""
"1","1","Blacksnag Buzzard","otj","Near Mint","Spanish","","","2025-04-28 06:37:25.550000","79","False","False","0.02"
"1","1","Blacksnag Buzzard","otj","Near Mint","English","","","2025-04-28 06:37:25.550000","79","False","False","0.02"
"1","1","Blade of the Swarm","eoe","Near Mint","English","","","2025-08-21 20:56:37.747000","90","False","False","0.03"
"1","1","Blade of the Swarm","eoe","Near Mint","Spanish","","","2025-08-21 20:56:37.747000","90","False","False","0.03"
"1","1","Bladestitched Skaab","inr","Near Mint","Spanish","","","2025-01-25 23:30:35.287000","231","False","False",""
"1","1","Blasphemous Act","cmm","Near Mint","English","","","2025-01-13 18:46:12.640000","872","False","False",""
"1","1","Blazing Volley","iko","Near Mint","English","","","2024-10-21 10:32:09.810000","107","False","False",""
"1","1","Bleak Coven Vampires","som","Near Mint","English","","","2025-11-24 16:55:09.637000","55","False","False",""
"1","1","Bleeding Woods","dsk","Near Mint","English","","","2024-10-22 10:10:52.657000","257","False","False",""
"1","1","Blighted Blackthorn","ecl","Near Mint","Spanish","","","2026-01-19 17:35:55.460000","90","False","False","0.15"
"1","1","Blind Obedience","rvr","Near Mint","Spanish","","","2025-06-08 10:03:38.097000","9","False","False",""
"1","1","Blisterspit Gremlin","iko","Near Mint","English","","","2024-10-21 10:31:17.557000","108","False","False",""
"1","1","Blitzball","fin","Near Mint","Spanish","","","2025-06-23 16:34:13.207000","254","False","False","0.02"
"2","2","Blitzball Shot","fin","Near Mint","Spanish","","","2025-06-23 16:34:13.207000","176","False","False","0.04"
"1","1","Blood Artist","2x2","Near Mint","English","","","2025-01-20 10:24:08.633000","70","False","False",""
"1","1","Blood Crypt","rtr","Near Mint","Spanish","","","2025-08-05 16:06:41.663000","238","False","False",""
"4","4","Blood Fountain","vow","Near Mint","English","","","2025-10-23 22:03:23.253000","95","False","False",""
"1","1","Blood Fountain","vow","Near Mint","English","","","2025-11-15 16:33:07.270000","95","False","False","0.87"
"1","1","Blood Petal Celebrant","inr","Near Mint","Spanish","","","2025-01-25 23:22:31.180000","144","False","False",""
"1","1","Blood Seeker","zen","Near Mint","English","","","2025-01-22 09:33:32.460000","80","False","False",""
"1","1","Bloodfell Caves","fdn","Near Mint","Spanish","","","2024-11-14 09:27:43.600000","259","False","False",""
"1","1","Bloodline Bidding","ecl","Near Mint","Spanish","","","2026-01-19 17:35:55.460000","91","False","False","0.52"
"1","1","Bloodmad Vampire","inr","Near Mint","Spanish","","","2025-01-25 23:28:15.570000","145","False","False",""
"1","1","Bloodstone Goblin","dom","Near Mint","Spanish","","","2025-11-24 17:25:14.333000","115","False","False","0.05"
"1","1","Bloodtithe Harvester","inr","Near Mint","Spanish","","","2025-01-25 23:13:38.587000","233","False","False",""
"2","2","Blooming Stinger","eoe","Near Mint","English","","","2025-08-21 20:56:37.747000","174","False","False","0.02"
"2","2","Blooming Stinger","eoe","Near Mint","Spanish","","","2025-08-21 20:56:37.747000","174","False","False","0.02"
"1","1","Blossombind","ecl","Near Mint","Spanish","","","2026-01-19 17:35:55.460000","45","False","False","0.10"
"1","1","Blossoming Sands","fdn","Near Mint","Spanish","","","2024-11-14 09:27:19.983000","260","False","False",""
"4","4","Blossoming Sands","mom","Near Mint","Spanish","","","2024-11-08 12:03:53.390000","268","False","False",""
"1","1","Blue Sun's Twilight","one","Near Mint","English","","","2025-11-26 21:27:05.020000","43","False","False",""
"2","2","Blur","clb","Near Mint","Spanish","","","2025-11-24 17:25:14.333000","58","False","False","0.18"
"1","1","Boarding Party","cmr","Near Mint","Spanish","","","2025-11-24 17:25:14.333000","163","False","False","0.63"
"1","1","Boggart Prankster","ecl","Near Mint","Spanish","","","2026-01-19 17:35:55.460000","93","False","False","0.16"
"1","1","Boggart Trawler // Boggart Bog","mh3","Near Mint","Spanish","","","2025-11-17 08:09:05.513000","243","False","False","1.53"
"3","3","Boilerbilges Ripper","dsk","Near Mint","English","","","2024-10-22 08:41:53.523000","127","False","False",""
"1","1","Boilerbilges Ripper","dsk","Near Mint","Spanish","","","2025-03-30 08:54:05.390000","127","False","False",""
"1","1","Boiling Earth","bfz","Near Mint","English","","","2024-10-31 14:06:07.467000","142","False","False",""
"1","1","Boiling Earth","plst","Near Mint","English","","","2024-10-21 11:11:50.083000","BFZ-142","False","False",""
"1","1","Bojuka Bog","dsc","Near Mint","Spanish","","","2024-10-21 12:14:18.393000","265","False","False",""
"1","1","Bojuka Bog","otc","Near Mint","Spanish","","","2025-02-01 01:09:02.193000","273","False","False",""
"1","1","Bojuka Bog","eoc","Near Mint","English","","","2025-11-15 16:33:07.270000","149","False","False","1.04"
"2","2","Bombard","eoe","Near Mint","Spanish","","","2025-08-21 20:56:37.747000","129","False","False","0.06"
"1","1","Bone Sabres","40k","Near Mint","English","","","2024-10-21 21:10:52.473000","88","False","False",""
"1","1","Boneclub Berserker","ecl","Near Mint","Spanish","","","2026-01-19 17:35:55.460000","126","False","False","0.16"
"1","1","Bonepicker Skirge","one","Near Mint","Spanish","","","2024-10-24 12:48:26.533000","290","False","False",""
"1","1","Boom Box","otj","Near Mint","Spanish","","","2025-11-24 17:25:14.333000","241","False","False","0.18"
"1","1","Boom Scholar","dft","Near Mint","English","","","2025-03-03 13:40:23.047000","189","False","False",""
"1","1","Boomerang Basics","tla","Near Mint","English","","","2025-11-15 16:33:07.270000","46","False","False","0.23"
"1","1","Boon-Bringer Valkyrie","mom","Near Mint","Spanish","foil","","2024-11-08 12:03:53.390000","9","False","False",""
"2","2","Boreal Elemental","m20","Near Mint","Spanish","","","2025-11-24 17:25:14.333000","49","False","False","0.06"
"1","1","Borne Upon a Wind","ltr","Near Mint","Spanish","","","2024-11-14 09:41:27.490000","44","False","False",""
"1","1","Boros Elite","rvr","Near Mint","English","","","2025-04-28 06:37:25.550000","10","False","False","0.06"
"2","2","Boros Elite","rvr","Near Mint","Spanish","","","2025-04-28 06:37:25.550000","10","False","False","0.06"
"1","1","Bot Bashing Time","tmt","Near Mint","English","foil","","2026-03-16 09:34:40.437000","85","False","False","0.02"
"1","1","Bottomless Pool // Locker Room","dsk","Near Mint","Spanish","","","2024-10-21 12:08:15.187000","43","False","False",""
"1","1","Boulder Dash","ecl","Near Mint","Spanish","","","2026-01-19 17:35:55.460000","127","False","False","0.21"
"1","1","Bounce Off","dft","Near Mint","English","","","2025-03-03 13:38:59.600000","39","False","False",""
"1","1","Bountiful Landscape","tdc","Near Mint","Spanish","","","2025-11-12 10:11:55.850000","342","False","False","0.17"
"1","1","Brainstone","dsc","Near Mint","Spanish","","","2024-10-21 12:04:50.243000","242","False","False",""
"1","1","Brainstorm","dsc","Near Mint","Spanish","","","2024-10-21 12:02:43.307000","113","False","False",""
"1","1","Brainstorm","2xm","Near Mint","English","","","2024-10-21 11:11:27.970000","44","False","False",""
"1","1","Brainsurge","mh3","Near Mint","English","","","2024-10-21 11:14:11.860000","53","False","False",""
"1","1","Brambleback Brute","ecl","Near Mint","Spanish","","","2026-01-19 17:35:55.460000","128","False","False","0.09"
"1","1","Branching Evolution","mh3","Near Mint","English","","","2024-10-21 12:41:31.940000","285","False","False",""
"1","1","Brave the Wilds","woe","Near Mint","English","foil","","2025-11-17 08:09:05.513000","165","False","False","0.14"
"1","1","Brazen Collector","blb","Near Mint","Spanish","","","2024-10-22 08:29:17.800000","128","False","False",""
"2","2","Brazen Scourge","fdn","Near Mint","English","","","2025-11-24 17:25:14.333000","191","False","False","0.04"
"1","1","Bre of Clan Stoutarm","ecl","Near Mint","Spanish","","","2026-01-19 17:35:55.460000","207","False","False","0.15"
"2","2","Break Down the Door","dsk","Near Mint","English","","","2024-10-21 21:07:26.563000","170","False","False",""
"1","1","Breathe Your Last","mh3","Near Mint","Spanish","foil","","2025-11-12 10:11:55.850000","82","False","False","0.14"
"1","1","Breathe Your Last","mh3","Near Mint","English","","","2025-04-07 13:26:28.320000","82","False","False",""
"1","1","Breathless Knight","mh2","Near Mint","English","","","2025-01-28 09:44:34.797000","187","False","False",""
"1","1","Bred for the Hunt","40k","Near Mint","English","","","2024-10-18 22:58:13.550000","222","False","False",""
"1","1","Bridled Bighorn","otj","Near Mint","English","","","2025-04-28 06:37:25.550000","7","False","False","0.05"
"1","1","Brightfield Glider","dft","Near Mint","English","","","2025-05-25 11:23:38.607000","4","False","False","0.03"
"1","1","Brightspear Zealot","eoe","Near Mint","English","","","2025-08-21 20:56:37.747000","8","False","False","0.02"
"3","3","Brightspear Zealot","eoe","Near Mint","Spanish","","","2025-09-01 16:39:28.257000","8","False","False","0.02"
"1","1","Brimstone Trebuchet","eld","Near Mint","English","","","2024-10-21 10:46:55.633000","116","False","False",""
"1","1","Brinebarrow Intruder","khm","Near Mint","Spanish","","","2025-11-24 17:25:14.333000","49","False","False","0.20"
"1","1","Brineborn Cutthroat","fdn","Near Mint","Spanish","foil","","2024-11-14 09:20:30.997000","152","False","False",""
"1","1","Brineborn Cutthroat","fdn","Near Mint","Spanish","","","2024-11-14 09:18:57.697000","152","False","False",""
"1","1","Bristlepack Sentry","otj","Near Mint","Spanish","","","2025-04-28 06:37:25.550000","156","False","False","0.06"
"1","1","Bristling Backwoods","otj","Near Mint","English","","","2025-04-28 06:37:25.550000","253","False","False","0.09"
"1","1","Broken Wings","cmm","Near Mint","Spanish","","","2025-04-28 06:37:25.550000","277","False","False","0.04"
"1","1","Broken Wings","dft","Near Mint","English","","","2025-03-03 13:39:18.443000","156","False","False",""
"1","1","Broken Wings","cmm","Near Mint","English","","","2025-04-28 06:37:25.550000","277","False","False","0.04"
"2","2","Broken Wings","fdn","Near Mint","English","","","2025-11-24 17:25:14.333000","214","False","False","0.08"
"1","1","Broken Wings","blc","Near Mint","Spanish","","","2025-04-28 06:37:25.550000","208","False","False","0.12"
"2","2","Broken Wings","dmu","Near Mint","Spanish","","","2024-11-08 12:03:53.390000","157","False","False",""
"1","1","Broken Wings","snc","Near Mint","English","","","2025-04-28 06:37:25.550000","136","False","False","0.04"
"1","1","Broodguard Elite","eoe","Near Mint","Spanish","","","2025-08-21 20:56:37.747000","175","False","False","0.11"
"1","1","Broodguard Elite","eoe","Near Mint","English","","","2025-08-21 20:56:37.747000","175","False","False","0.11"
"1","1","Broodlord","40k","Near Mint","English","","","2024-10-21 21:09:21.050000","89","False","False",""
"2","2","Broodspinner","dsk","Near Mint","English","","","2024-10-21 15:43:09.737000","211","False","False",""
"1","1","Broodspinner","dsk","Near Mint","English","","","2025-08-05 16:30:28.470000","211","False","False","0.09"
"1","1","Bruna, the Fading Light","inr","Near Mint","Spanish","","","2025-01-25 23:32:46.233000","14","False","False",""
"1","1","Built to Last","kld","Near Mint","English","","","2025-04-28 06:37:25.550000","7","False","False","0.06"
"2","2","Bulwark Giant","rvr","Near Mint","Spanish","","","2025-04-28 06:37:25.550000","11","False","False","0.06"
"1","1","Burdened Aerialist","mh2","Near Mint","Spanish","","","2025-11-24 17:25:14.333000","38","False","False","0.16"
"1","1","Burner Rocket","dft","Near Mint","English","","","2025-05-25 11:23:38.607000","114","False","False","0.03"
"1","1","Burning Curiosity","ecl","Near Mint","Spanish","","","2026-01-19 17:35:55.460000","129","False","False","0.08"
"1","1","Burning Earth","m14","Near Mint","Spanish","","","2024-10-21 10:36:29.967000","130","False","False",""
"1","1","Burning Vengeance","inr","Near Mint","Spanish","","","2025-01-25 23:33:38.773000","397","False","False",""
"1","1","Burnished Hart","dsc","Near Mint","Spanish","","","2024-10-21 12:00:08.740000","243","False","False",""
"1","1","Burst Lightning","fdn","Near Mint","English","","","2025-10-05 12:50:54.490000","192","False","False",""
"1","1","Butcher's Cleaver","ddq","Near Mint","English","","","2024-10-21 10:17:27.033000","31","False","False",""
"1","1","Butterbur, Bree Innkeeper","ltr","Near Mint","English","","","2024-11-08 11:51:52.473000","197","False","False",""
"2","2","Bygone Colossus","eoe","Near Mint","English","","","2025-09-01 16:39:28.257000","235","False","False","0.13"
"1","1","Bygone Colossus","eoe","Near Mint","Spanish","","","2025-09-01 16:39:28.257000","235","False","False","0.13"
"1","1","Cache Grab","blb","Near Mint","English","","","2025-04-28 06:37:25.550000","167","False","False","0.12"
"1","1","Cache Grab","blb","Near Mint","Spanish","","","2024-10-21 21:12:40.170000","167","False","False",""
"1","1","Cackling Counterpart","inr","Near Mint","English","","","2025-11-12 10:11:55.850000","55","False","False","0.06"
"1","1","Cackling Prowler","fdn","Near Mint","English","","","2024-12-21 09:50:24.307000","101","False","False",""
"3","3","Cackling Slasher","dsk","Near Mint","English","","","2024-10-22 09:54:18.820000","85","False","False",""
"1","1","Cackling Slasher","dsk","Near Mint","English","foil","","2024-12-21 09:48:53.203000","85","False","False",""
"1","1","Cacophony Unleashed","cmm","Near Mint","English","","","2025-06-15 10:48:31.887000","730","False","False",""
"2","2","Cactarantula","otj","Near Mint","English","","","2025-04-28 06:37:25.550000","158","False","False","0.10"
"1","1","Cactuar","fin","Near Mint","Spanish","","","2025-06-23 16:34:13.207000","177","False","False","0.02"
"1","1","Cage of Hands","cmr","Near Mint","Spanish","","","2025-04-28 06:37:25.550000","14","False","False","0.08"
"1","1","Caldaia Strongarm","snc","Near Mint","Spanish","","","2025-11-24 17:25:14.333000","138","False","False","0.04"
"2","2","Call of the Conclave","rvr","Near Mint","Spanish","","","2025-04-28 06:37:25.550000","169","False","False","0.06"
"1","1","Call the Cavalry","dom","Near Mint","Spanish","","","2024-10-25 10:38:46.057000","9","False","False",""
"1","1","Call the Mountain Chocobo","fin","Near Mint","English","","","2025-07-01 06:02:26.130000","131","False","False",""
"1","1","Callous Inspector","tla","Near Mint","English","","","2025-11-15 16:30:32.017000","89","False","False",""
"1","1","Caltrops","uds","Near Mint","Spanish","","","2024-10-21 10:20:54.117000","129","False","False",""
"1","1","Camera Launcher","dft","Near Mint","English","","","2025-03-03 13:35:47.933000","232","False","False",""
"1","1","Campus Guide","fdn","Near Mint","English","","","2025-11-24 17:25:14.333000","251","False","False","0.02"
"2","2","Cancel","pca","Near Mint","Spanish","","","2025-11-24 17:25:14.333000","15","False","False","0.07"
"1","1","Cancel","10e","Near Mint","Spanish","","","2025-11-24 17:25:14.333000","71","False","False","0.10"
"1","1","Candlekeep Sage","clb","Near Mint","Spanish","","","2025-11-24 17:25:14.333000","60","False","False","0.18"
"4","4","Candy Trail","woe","Near Mint","English","","","2026-01-14 10:33:23.560000","243","False","False",""
"1","1","Canopy Baloth","znr","Near Mint","Spanish","","","2025-04-28 06:37:25.550000","182","False","False","0.02"
"1","1","Canyon Crab","otj","Near Mint","English","","","2025-04-28 06:37:25.550000","40","False","False","0.07"
"2","2","Canyon Crawler","tla","Near Mint","English","","","2025-11-15 16:33:07.270000","90","False","False","0.13"
"1","1","Carnival Carnivore","unf","Near Mint","English","","","2025-11-24 17:25:14.333000","68","False","False","0.06"
"1","1","Carrot Cake","blb","Near Mint","English","","","2025-11-24 17:25:14.333000","7","False","False","0.06"
"2","2","Cascade Bluffs","otc","Near Mint","English","","","2024-11-08 09:55:06.303000","276","False","False",""
"2","2","Case of the Gateway Express","mkm","Near Mint","English","","","2025-10-14 09:23:36.167000","8","False","False","0.20"
"4","4","Cast Down","dom","Near Mint","English","","","2025-10-21 12:59:23.897000","81","False","False",""
"1","1","Cast into the Fire","ltr","Near Mint","English","","","2024-11-08 11:53:49.957000","118","False","False",""
"1","1","Cast into the Fire","ltr","Near Mint","English","","","2025-10-21 12:58:38.197000","118","False","False","0.69"
"1","1","Cast Out","dsc","Near Mint","Spanish","","","2024-10-21 12:10:27.997000","98","False","False",""
"1","1","Casualties of War","tdc","Near Mint","Spanish","","","2025-04-16 17:30:58.107000","98","False","False",""
"1","1","Cat Collector","fdn","Near Mint","Spanish","","","2024-11-14 09:16:30.563000","4","False","False",""
"1","1","Cat-Gator","tla","Near Mint","English","","","2025-11-15 16:29:50.603000","91","False","False",""
"1","1","Cathar Commando","fdn","Near Mint","English","","","2024-11-17 01:51:22.753000","139","False","False",""
"1","1","Cathartic Parting","dsk","Near Mint","English","","","2024-10-21 21:03:22.540000","171","False","False",""
"1","1","Cathartic Reunion","acr","Near Mint","English","","","2024-10-22 08:44:45.710000","94","False","False",""
"1","1","Cathartic Reunion","kld","Near Mint","Spanish","","","2024-10-21 10:39:00.350000","109","False","False",""
"1","1","Cat-Owl","tla","Near Mint","English","","","2025-11-15 16:33:07.270000","212","False","False","0.21"
"4","4","Cautious Survivor","dsk","Near Mint","English","","","2024-10-21 20:59:20.607000","172","False","False",""
"1","1","Cautious Survivor","dsk","Near Mint","Spanish","","","2025-03-30 09:02:53.690000","172","False","False",""
"1","1","Cautious Survivor","dsk","Near Mint","English","foil","","2024-10-21 20:59:28.123000","172","False","False",""
"1","1","Cave of Temptation","40k","Near Mint","English","","","2024-10-22 10:08:19.720000","267","False","False",""
"1","1","Caves of Koilos","dsc","Near Mint","Spanish","","","2024-10-21 12:14:25.417000","268","False","False",""
"2","2","Celestial Reunion","ecl","Near Mint","Spanish","","","2026-01-19 17:35:55.460000","326","False","False","6.35"
"1","1","Centaur Battlemaster","2x2","Near Mint","English","","","2025-04-28 06:37:25.550000","140","False","False","0.06"
"1","1","Centaur Nurturer","war","Near Mint","Spanish","","","2025-04-28 06:37:25.550000","156","False","False","0.06"
"1","1","Central Elevator // Promising Stairs","dsk","Near Mint","Spanish","","","2025-03-30 08:55:44.980000","44","False","False",""
"1","1","Cephalid Coliseum","tdc","Near Mint","Spanish","","","2025-04-16 17:32:12.087000","349","False","False",""
"1","1","Cerebral Download","eoe","Near Mint","Spanish","","","2025-08-21 20:56:37.747000","48","False","False","0.09"
"1","1","Cerebral Download","eoe","Near Mint","Spanish","foil","","2025-08-21 20:56:37.747000","48","False","False","0.15"
"1","1","Chain of Smog","ons","Near Mint","English","","","2025-01-20 10:22:33.157000","132","False","False",""
"1","1","Chain to Memory","thb","Near Mint","Spanish","","","2025-11-24 17:25:14.333000","46","False","False","0.06"
"1","1","Champions of the Shoal","ecl","Near Mint","Spanish","","","2026-03-16 09:34:40.437000","46","False","False","0.21"
"1","1","Champions of the Shoal","ecl","Near Mint","Spanish","foil","","2026-01-19 17:35:55.460000","46","False","False","0.65"
"1","1","Chandra's Incinerator","m21","Near Mint","English","","","2024-10-21 10:16:46.710000","136","False","False",""
"1","1","Chandra's Spitfire","m11","Near Mint","Spanish","","","2024-11-15 09:52:32.500000","129","False","False",""
"1","1","Change of Plans","ncc","Near Mint","English","","","2024-10-18 23:01:01.580000","24","False","False",""
"1","1","Changeling Wayfinder","ecl","Near Mint","Spanish","foil","","2026-01-19 17:35:55.460000","1","False","False","0.21"
"1","1","Chaos Spewer","ecl","Near Mint","Spanish","","","2026-01-19 17:35:55.460000","210","False","False","0.12"
"1","1","Chaos Warp","nec","Near Mint","English","","","2024-10-21 11:10:23.257000","104","False","False",""
"1","1","Chaos Warp","otc","Near Mint","English","","","2024-10-18 23:01:18.763000","160","False","False",""
"1","1","Charcoal Diamond","voc","Near Mint","Spanish","","","2025-11-17 08:09:05.513000","162","False","False","0.17"
"1","1","Charcoal Diamond","clb","Near Mint","English","","","2025-01-13 18:45:14.473000","442","False","False",""
"1","1","Charismatic Vanguard","dmu","Near Mint","Spanish","","","2025-04-28 06:37:25.550000","10","False","False","0.05"
"2","2","Charity Extractor","war","Near Mint","Spanish","","","2025-11-24 17:25:14.333000","81","False","False","0.05"
"1","1","Charred Foyer // Warped Space","dsk","Near Mint","English","","","2024-10-22 08:32:36.510000","129","False","False",""
"1","1","Chill","6ed","Near Mint","Spanish","","","2025-07-06 14:20:09.423000","60","False","False",""
"1","1","Chitin Gravestalker","dft","Near Mint","English","","","2025-08-05 16:30:28.470000","79","False","False","0.11"
"2","2","Chitinous Graspling","ecl","Near Mint","Spanish","","","2026-03-16 09:34:40.437000","211","False","False","0.06"
"1","1","Chitinous Graspling","ecl","Near Mint","Spanish","","","2026-01-19 17:35:55.460000","211","False","False","0.03"
"1","1","Chitinous Graspling","ecl","Near Mint","Spanish","foil","","2026-03-16 09:34:40.437000","211","False","False","0.03"
"1","1","Chocobo Kick","fin","Near Mint","Spanish","","","2025-06-23 16:34:13.207000","178","False","False","0.07"
"1","1","Chocobo Kick","fin","Near Mint","English","","","2025-07-01 06:02:49.010000","178","False","False",""
"1","1","Chocobo Racetrack","fin","Near Mint","Spanish","","","2025-06-23 16:34:13.207000","179","False","False","0.02"
"1","1","Chomping Changeling","ecl","Near Mint","Spanish","","","2026-01-19 17:35:55.460000","172","False","False","0.45"
"2","2","Chomping Kavu","mom","Near Mint","Spanish","","","2024-11-08 12:03:53.390000","179","False","False",""
"4","4","Chromatic Star","2xm","Near Mint","English","","","2025-11-13 19:03:59.300000","239","False","False","0.20"
"1","1","Chrome Companion","eoe","Near Mint","Spanish","","","2025-08-21 20:56:37.747000","236","False","False","0.05"
"2","2","Chrome Companion","eoe","Near Mint","English","","","2025-08-21 20:56:37.747000","236","False","False","0.05"
"1","1","Chrome Prowler","one","Near Mint","Spanish","","","2024-10-24 12:48:46.237000","45","False","False",""
"1","1","Chronicler of Heroes","2x2","Near Mint","English","","","2025-04-28 06:37:25.550000","193","False","False","0.02"
"2","2","Chronostutter","m15","Near Mint","English","","","2025-11-24 17:25:14.333000","48","False","False","0.09"
"1","1","Cinder Glade","40k","Near Mint","English","","","2024-10-18 22:57:12.130000","269","False","False",""
"2","2","Cinderclasm","znr","Near Mint","Italian","","","2024-11-08 09:53:37.507000","136","False","False",""
"1","1","Cindering Cutthroat","blb","Near Mint","English","","","2025-04-28 06:37:25.550000","208","False","False","0.04"
"1","1","Circle of Flame","m15","Near Mint","Spanish","","","2024-10-21 10:33:40.780000","135","False","False",""
"3","3","Citanul Stalwart","bro","Near Mint","Spanish","","","2025-04-28 06:37:25.550000","175","False","False","0.10"
"1","1","Civic Gardener","snc","Near Mint","Spanish","","","2025-04-28 06:37:25.550000","140","False","False","0.05"
"1","1","Clachan Festival","ecl","Near Mint","Spanish","","","2026-01-19 17:35:55.460000","10","False","False","0.20"
"1","1","Clachan Festival","ecl","Near Mint","Spanish","","","2026-03-16 09:34:40.437000","10","False","False","0.09"
"1","1","Clamavus","40k","Near Mint","English","","","2024-10-21 21:11:50.257000","90","False","False",""
"3","3","Clammy Prowler","dsk","Near Mint","English","","","2024-10-22 07:49:08.070000","45","False","False",""
"1","1","Clammy Prowler","dsk","Near Mint","English","","","2025-08-05 16:30:28.470000","45","False","False","0.10"
"4","4","Cleansing Wildfire","znr","Near Mint","English","","","2025-10-21 12:58:38.197000","137","False","False","0.50"
"1","1","Clear Shot","otp","Near Mint","Spanish","","","2025-04-28 06:37:25.550000","28","False","False","0.10"
"1","1","Clear Shot","otp","Near Mint","Spanish","","","2025-10-21 12:58:38.197000","28","False","False","0.08"
"1","1","Cliffhaven Sell-Sword","znr","Near Mint","Spanish","","","2025-01-20 10:21:35.640000","8","False","False",""
"1","1","Clinquant Skymage","fdn","Near Mint","English","","","2025-11-24 17:25:14.333000","33","False","False","0.10"
"2","2","Cloakwood Swarmkeeper","clb","Near Mint","English","","","2025-04-28 06:37:25.550000","222","False","False","0.14"
"3","3","Clockwork Percussionist","dsk","Near Mint","English","","","2024-10-22 08:36:29.327000","130","False","False",""
"1","1","Clockwork Percussionist","dsk","Near Mint","Spanish","","","2025-08-05 16:30:28.470000","130","False","False","0.21"
"1","1","Close Encounter","eoe","Near Mint","English","foil","","2025-08-21 20:56:37.747000","176","False","False","0.03"
"1","1","Cloud of Darkness","fin","Near Mint","English","","","2025-07-01 06:02:13.273000","217","False","False",""
"1","1","Cloud of Darkness","fin","Near Mint","Spanish","","","2025-06-23 16:34:13.207000","217","False","False","0.06"
"1","1","Cloudfin Raptor","rvr","Near Mint","Spanish","","","2025-11-24 17:25:14.333000","310","False","False","0.11"
"1","1","Cloudfin Raptor","rvr","Near Mint","Spanish","","","2025-11-24 17:25:14.333000","37","False","False","0.07"
"2","2","Cloudsculpt Technician","eoe","Near Mint","Spanish","","","2025-08-21 20:56:37.747000","49","False","False","0.04"
"2","2","Cloudsculpt Technician","eoe","Near Mint","English","","","2025-08-21 20:56:37.747000","49","False","False","0.04"
"1","1","Cloudspire Captain","dft","Near Mint","English","","","2025-08-05 16:30:28.470000","9","False","False","0.08"
"1","1","Coalition Honor Guard","ema","Near Mint","English","","","2025-09-02 19:05:57.210000","6","False","False",""
"1","1","Coalition Warbrute","dmu","Near Mint","Spanish","","","2024-10-22 08:28:01.617000","118","False","False",""
"1","1","Codecracker Hound","eoe","Near Mint","Spanish","","","2025-08-21 20:56:37.747000","50","False","False","0.06"
"1","1","Coeurl","fin","Near Mint","Spanish","","","2025-06-23 16:34:13.207000","12","False","False","0.02"
"1","1","Cogworker's Puzzleknot","kld","Near Mint","English","","","2025-04-28 06:37:25.550000","201","False","False","0.04"
"1","1","Coin of Mastery","tmc","Near Mint","English","","","2026-03-16 09:34:40.437000","38","False","False","0.18"
"1","1","Coldsteel Heart","2x2","Near Mint","English","","","2024-10-21 10:29:29.790000","301","False","False",""
"1","1","Collision Course","dft","Near Mint","English","","","2025-03-03 13:42:57.390000","10","False","False",""
"1","1","Collision Course","dft","Near Mint","English","","","2025-08-05 16:30:28.470000","10","False","False","0.03"
"1","1","Colossal Grave-Reaver","tdc","Near Mint","Spanish","","","2025-04-16 17:27:07.990000","50","False","False",""
"1","1","Come Back Wrong","dsk","Near Mint","English","","","2024-10-22 09:56:38.937000","86","False","False",""
"2","2","Comet Crawler","eoe","Near Mint","Spanish","","","2025-08-21 20:56:37.747000","92","False","False","0.04"
"1","1","Comet Crawler","eoe","Near Mint","English","","","2025-08-21 20:56:37.747000","92","False","False","0.04"
"1","1","Comet Crawler","eoe","Near Mint","English","","","2025-09-17 22:52:02.260000","92","False","False",""
"1","1","Comet Storm","cmr","Near Mint","Spanish","","","2025-11-13 19:03:59.300000","411","False","False","1.00"
"1","1","Command Beacon","tdc","Near Mint","Spanish","","","2025-04-16 17:32:28.943000","352","False","False",""
"1","1","Command Bridge","eoe","Near Mint","Spanish","","","2025-08-05 17:23:05.050000","252","False","False",""
"1","1","Command Tower","tdc","Near Mint","Spanish","","","2025-04-16 17:32:32.617000","107","False","False",""
"1","1","Command Tower","mkc","Near Mint","English","","","2024-10-21 10:46:46.107000","256","False","False",""
"1","1","Command Tower","dsc","Near Mint","Spanish","","","2024-10-21 12:14:38.743000","96","False","False",""
"1","1","Command Tower","40k","Near Mint","English","","","2024-10-18 22:40:02.443000","270","False","False",""
"1","1","Commander Liara Portyr","clb","Near Mint","English","","","2025-11-24 17:25:14.333000","270","False","False","0.15"
"1","1","Commander's Insight","c21","Near Mint","English","","","2024-10-18 23:08:45.133000","23","False","False",""
"1","1","Commander's Sphere","dsc","Near Mint","Spanish","","","2024-10-21 12:04:54.853000","244","False","False",""
"1","1","Common Crook","spm","Near Mint","Spanish","","","2025-09-30 06:53:47.817000","53","False","False","0.06"
"2","2","Commune with Beavers","fin","Near Mint","Spanish","","","2025-06-23 16:34:13.207000","182","False","False","0.08"
"1","1","Concerted Defense","znr","Near Mint","Spanish","","","2025-11-24 17:25:14.333000","52","False","False","0.12"
"1","1","Concerted Defense","znr","Near Mint","English","","","2025-11-24 17:25:14.333000","52","False","False","0.12"
"1","1","Conclave Equenaut","rvr","Near Mint","Spanish","","","2025-04-28 06:37:25.550000","13","False","False","0.17"
"1","1","Concordia Pegasus","rna","Near Mint","Spanish","","","2025-06-08 10:13:31.033000","7","False","False",""
"1","1","Condescend","5dn","Near Mint","Spanish","","","2024-10-27 22:26:48.663000","27","False","False",""
"1","1","Condescend","ima","Near Mint","English","","","2025-11-24 17:25:14.333000","46","False","False","0.24"
"1","1","Conduct Electricity","blb","Near Mint","Spanish","","","2024-10-22 08:30:19.067000","130","False","False",""
"1","1","Conductive Machete","dsk","Near Mint","English","","","2024-10-22 10:02:22.730000","244","False","False",""
"1","1","Conduit of Worlds","tdc","Near Mint","Spanish","","","2025-04-16 17:30:39.713000","251","False","False",""
"4","4","Conduit Pylons","otj","Near Mint","English","","","2025-11-26 21:26:43.010000","254","False","False",""
"1","1","Confiscate","usg","Near Mint","Spanish","","","2025-07-06 14:18:59.603000","66","False","False",""
"1","1","Confiscate","dmr","Near Mint","English","","","2024-10-27 22:34:40.463000","44","False","False",""
"1","1","Conifer Strider","dtk","Near Mint","English","","","2025-04-28 06:37:25.550000","179","False","False","0.07"
"1","1","Conjurer's Closet","inr","Near Mint","Spanish","","","2025-01-25 23:16:38.020000","259","False","False",""
"1","1","Consider","mkc","Near Mint","English","","","2024-10-21 11:06:51.367000","98","False","False",""
"1","1","Constrictor Sage","tdm","Near Mint","English","","","2025-05-18 06:34:00.490000","39","False","False",""
"1","1","Consulate Dreadnought","aer","Near Mint","English","","","2025-04-28 06:37:25.550000","146","False","False","0.22"
"1","1","Consult the Star Charts","eoe","Near Mint","English","foil","","2025-08-05 17:34:56.493000","51","False","False",""
"1","1","Consumed by Greed","blb","Near Mint","English","","","2025-08-05 16:30:28.470000","87","False","False","0.15"
"1","1","Consuming Aberration","tdc","Near Mint","Spanish","","","2025-04-16 17:27:22.810000","283","False","False",""
"1","1","Contaminated Aquifer","tdc","Near Mint","Spanish","","","2025-04-16 17:32:36.040000","353","False","False",""
"1","1","Contaminated Landscape","mh3","Near Mint","English","","","2025-06-08 10:31:31.093000","218","False","False",""
"1","1","Contingency Plan","emn","Near Mint","English","","","2024-10-27 22:37:01.017000","52","False","False",""
"3","3","Cooped Up","woe","Near Mint","Spanish","","","2024-11-08 12:03:53.390000","8","False","False",""
"1","1","Coordinated Clobbering","dsk","Near Mint","English","","","2024-10-21 21:08:51.180000","173","False","False",""
"1","1","Copy Enchantment","rvr","Near Mint","Spanish","","","2025-06-08 10:03:19.717000","312","False","False",""
"1","1","Copycrook","mh3","Near Mint","Spanish","","","2025-06-08 10:32:16.260000","55","False","False",""
"1","1","Corpseberry Cultivator","blb","Near Mint","English","","","2025-11-24 17:25:14.333000","210","False","False","0.05"
"1","1","Corpseberry Cultivator","blb","Near Mint","Spanish","","","2024-10-21 21:12:31.507000","210","False","False",""
"1","1","Corrupt Court Official","tla","Near Mint","English","","","2025-11-15 16:33:07.270000","92","False","False","0.07"
"1","1","Corrupted Conscience","mbs","Near Mint","Spanish","","","2024-10-21 10:30:58.263000","22","False","False",""
"1","1","Coruscation Mage","blb","Near Mint","English","foil","","2025-11-17 08:09:05.513000","131","False","False","1.62"
"1","1","Coruscation Mage","blb","Near Mint","Spanish","","","2024-11-21 10:25:11.753000","131","False","False",""
"1","1","Coruscation Mage","blb","Near Mint","Spanish","","","2025-08-05 16:30:28.470000","131","False","False","0.72"
"1","1","Cosmogoyf","eoe","Near Mint","English","","","2025-08-05 17:36:11.283000","215","False","False",""
"2","2","Cosmogrand Zenith","eoe","Near Mint","Spanish","","","2025-09-13 23:23:44.983000","9","False","False",""
"1","1","Counsel of the Soratami","10e","Near Mint","Spanish","","","2025-11-24 17:25:14.333000","76","False","False","0.10"
"1","1","Counterspell","a25","Near Mint","Spanish","","","2025-09-30 07:02:07.897000","50","False","False",""
"4","4","Counterspell","dmr","Near Mint","English","","","2025-12-01 12:57:48.140000","45","False","False",""
"1","1","Counterspell","scd","Near Mint","English","","","2024-11-07 10:31:00.393000","45","False","False",""
"1","1","Courage in Crisis","cmm","Near Mint","English","","","2025-04-28 06:37:25.550000","278","False","False","0.06"
"1","1","Courageous Goblin","fdn","Near Mint","English","","","2025-11-24 17:25:14.333000","82","False","False","0.03"
"1","1","Coveted Peacock","cmm","Near Mint","English","","","2025-11-24 17:25:14.333000","82","False","False","0.12"
"1","1","Covetous Castaway // Ghostly Castigator","inr","Near Mint","Spanish","","","2025-01-25 23:13:11.887000","58","False","False",""
"1","1","Crackdown Construct","aer","Near Mint","Spanish","","","2025-04-28 06:37:25.550000","148","False","False","0.14"
"2","2","Cracked Skull","dsk","Near Mint","English","","","2024-10-22 09:53:09.767000","88","False","False",""
"1","1","Crackle with Power","otp","Near Mint","English","","","2024-10-18 23:03:34.620000","22","False","False",""
"2","2","Crackling Cyclops","fdn","Near Mint","English","","","2025-11-24 17:25:14.333000","83","False","False","0.11"
"1","1","Crackling Cyclops","fdn","Near Mint","Spanish","","","2024-11-14 09:13:14.460000","83","False","False",""
"1","1","Cragplate Baloth","znr","Near Mint","Spanish","","","2024-10-21 21:06:26.593000","183","False","False",""
"1","1","Cramped Vents // Access Maze","dsc","Near Mint","Spanish","","","2024-10-21 12:10:41.543000","17","False","False",""
"1","1","Cranial Ram","mh3","Near Mint","Spanish","","","2025-11-12 10:11:55.850000","180","False","False","0.12"
"1","1","Crash and Burn","dft","Near Mint","English","","","2025-03-03 13:43:12.580000","119","False","False",""
"1","1","Crash and Burn","dft","Near Mint","English","","","2025-08-05 16:30:28.470000","119","False","False","0.05"
"1","1","Crash of Rhino Beetles","cmm","Near Mint","English","","","2025-04-28 06:37:25.550000","279","False","False","0.15"
"2","2","Crash of Rhino Beetles","cmm","Near Mint","English","","","2025-11-24 17:25:14.333000","279","False","False","0.19"
"1","1","Crashing Wave","tla","Near Mint","English","foil","","2025-11-15 16:33:07.270000","47","False","False","0.25"
"1","1","Crawling Sensation","tdc","Near Mint","Spanish","","","2025-04-16 17:30:27.237000","252","False","False",""
"3","3","Creeping Peeper","dsk","Near Mint","English","","","2024-10-22 07:48:00.147000","46","False","False",""
"1","1","Crib Swap","ecl","Near Mint","Spanish","","","2026-03-16 09:34:40.437000","11","False","False","0.07"
"1","1","Crippling Blight","m13","Near Mint","Spanish","","","2025-06-08 10:23:27.417000","85","False","False",""
"1","1","Croakid Amphibonaut","unf","Near Mint","English","","","2025-11-24 17:25:14.333000","43","False","False","0.04"
"1","1","Crocanura","rvr","Near Mint","Spanish","","","2025-04-28 06:37:25.550000","135","False","False","0.09"
"1","1","Crop Rotation","2xm","Near Mint","English","","","2025-12-14 16:27:46.703000","161","False","False",""
"1","1","Crop Rotation","dmr","Near Mint","Spanish","","","2025-11-24 08:10:26.007000","154","False","False",""
"1","1","Cruel Truths","tdm","Near Mint","Spanish","","","2025-06-25 07:02:24.330000","76","False","False",""
"1","1","Crusader of Odric","inr","Near Mint","Spanish","","","2025-01-25 23:10:45.850000","18","False","False",""
"3","3","Cryogen Relic","eoe","Near Mint","Spanish","","","2025-09-01 16:39:28.257000","52","False","False","0.51"
"1","1","Cryogen Relic","eoe","Near Mint","English","","","2025-09-01 16:39:28.257000","52","False","False","0.51"
"2","2","Cryoshatter","eoe","Near Mint","Spanish","","","2025-08-21 20:56:37.747000","53","False","False","0.09"
"1","1","Cryoshatter","eoe","Near Mint","English","","","2025-08-21 20:56:37.747000","53","False","False","0.09"
"1","1","Crypt Feaster","fdn","Near Mint","English","","","2025-11-24 17:25:14.333000","59","False","False","0.03"
"1","1","Crypt of Agadeem","tdc","Near Mint","Spanish","","","2025-04-16 17:32:39.567000","354","False","False",""
"4","4","Crypt Sliver","lgn","Near Mint","English","","","2024-10-21 11:36:10.400000","63","False","False",""
"2","2","Cryptic Spires","2x2","Near Mint","English","","","2024-10-22 10:12:25.867000","332","False","False",""
"2","2","Cryptid Inspector","dsk","Near Mint","English","","","2025-04-28 06:37:25.550000","174","False","False","0.05"
"3","3","Cryptid Inspector","dsk","Near Mint","English","","","2024-10-21 21:00:54.897000","174","False","False",""
"1","1","Cryptid Inspector","dsk","Near Mint","English","foil","","2024-10-21 21:00:46.420000","174","False","False",""
"1","1","Crystal Fragments // Summon: Alexander","fin","Near Mint","Spanish","","","2025-06-23 16:34:13.207000","13","False","False","0.02"
"1","1","Crystal Grotto","plst","Near Mint","Spanish","","","2025-05-04 14:00:08.057000","DMU-246","False","False",""
"1","1","Crystal Quarry","eos","Near Mint","Spanish","","","2025-08-05 16:48:20.473000","10","False","False",""
"1","1","Cult Healer","dsk","Near Mint","English","foil","","2024-10-22 09:37:24.283000","2","False","False",""
"3","3","Cult Healer","dsk","Near Mint","English","","","2024-10-22 09:37:17.097000","2","False","False",""
"1","1","Cult Healer","dsk","Near Mint","Spanish","foil","","2025-03-30 08:57:13.337000","2","False","False",""
"1","1","Cultivate","m11","Near Mint","Spanish","","","2025-09-30 07:01:26.663000","168","False","False",""
"1","1","Cultivate","tdc","Near Mint","Spanish","","","2025-04-16 17:31:01.993000","253","False","False",""
"1","1","Cultivate","dsc","Near Mint","English","","","2025-01-13 18:41:18.107000","174","False","False",""
"1","1","Cultivate","pw23","Near Mint","Spanish","foil","","2025-05-25 11:23:38.607000","6","False","False","0.43"
"1","1","Cultivate","40k","Near Mint","English","","","2024-10-18 23:04:26.843000","211","False","False",""
"2","2","Cunning Coyote","otj","Near Mint","English","","","2025-04-28 06:37:25.550000","118","False","False","0.10"
"1","1","Cunning Geysermage","znr","Near Mint","English","","","2025-11-24 17:25:14.333000","55","False","False","0.03"
"1","1","Curate","bro","Near Mint","Spanish","","","2024-10-27 22:29:28.347000","44","False","False",""
"1","1","Curiosity","wot","Near Mint","Spanish","","","2024-10-21 10:41:28.923000","17","False","False",""
"1","1","Curiosity","wot","Near Mint","English","","","2024-10-21 11:02:54.857000","17","False","False",""
"2","2","Curious Farm Animals","tla","Near Mint","English","","","2025-11-15 16:33:07.270000","14","False","False","0.10"
"1","1","Curse of the Swine","otc","Near Mint","Spanish","","","2024-10-18 23:00:20.180000","92","False","False",""
"1","1","Cursed Totem","mh2","Near Mint","English","","","2025-02-06 00:51:19.947000","295","False","False",""
"2","2","Cursed Windbreaker","dsk","Near Mint","English","","","2024-10-22 07:48:44.927000","47","False","False",""
"1","1","Cursed Windbreaker","dsk","Near Mint","English","foil","","2024-10-22 07:48:39.137000","47","False","False",""
"1","1","Cut Propulsion","eoe","Near Mint","Spanish","","","2025-09-01 16:39:28.257000","130","False","False","0.10"
"1","1","Cycle of Renewal","tla","Near Mint","English","","","2025-11-15 16:33:07.270000","170","False","False","0.13"
"2","2","Cynical Loner","dsk","Near Mint","English","","","2024-10-22 09:52:39.740000","89","False","False",""
"1","1","Cynical Loner","dsk","Near Mint","English","foil","","2024-10-22 09:51:12.573000","89","False","False",""
"1","1","Cytoplast Manipulator","pza","Near Mint","English","","","2026-03-16 09:34:40.437000","5","False","False","0.02"
"1","1","Dagger Caster","rna","Near Mint","English","","","2024-10-21 10:43:24.360000","97","False","False",""
"3","3","Daggermaw Megalodon","dsk","Near Mint","English","","","2024-10-22 07:49:40.740000","48","False","False",""
"1","1","Dai Li Agents","tla","Near Mint","English","foil","","2025-11-15 16:33:07.270000","214","False","False","0.12"
"1","1","Dance of the Tumbleweeds","otj","Near Mint","Spanish","","","2025-04-28 06:37:25.550000","160","False","False","0.06"
"1","1","Dance of the Tumbleweeds","otj","Near Mint","English","","","2025-11-24 17:25:14.333000","160","False","False","0.16"
"1","1","Daring Thunder-Thief","otj","Near Mint","English","","","2025-04-28 06:37:25.550000","41","False","False","0.06"
"1","1","Daring Thunder-Thief","otj","Near Mint","Spanish","","","2025-04-28 06:37:25.550000","41","False","False","0.06"
"1","1","Daring Waverider","blb","Near Mint","English","","","2025-04-28 06:37:25.550000","44","False","False","0.12"
"1","1","Dark Deal","frf","Near Mint","English","","","2025-01-20 10:22:16.523000","66","False","False",""
"1","1","Dark Endurance","eoe","Near Mint","Spanish","foil","","2025-08-21 20:56:37.747000","93","False","False","0.03"
"3","3","Dark Endurance","eoe","Near Mint","English","","","2025-08-21 20:56:37.747000","93","False","False","0.04"
"2","2","Dark Endurance","eoe","Near Mint","Spanish","","","2025-08-21 20:56:37.747000","93","False","False","0.04"
"1","1","Dark Ritual","mir","Near Mint","English","","","2025-02-06 00:49:38.910000","116","False","False",""
"1","1","Darkstar Augur","blb","Near Mint","Spanish","","","2024-10-22 09:45:21.187000","90","False","False",""
"1","1","Darkwater Catacombs","tdc","Near Mint","Spanish","","","2025-04-16 17:32:43.517000","355","False","False",""
"1","1","Dashing Bloodsucker","dsk","Near Mint","English","","","2024-10-22 09:51:06.137000","90","False","False",""
"1","1","Daunting Defender","ons","Near Mint","Spanish","","","2025-04-28 06:37:25.550000","21","False","False","0.04"
"1","1","Dauntless Cathar","inr","Near Mint","Spanish","","","2025-01-25 23:25:31.523000","19","False","False",""
"2","2","Dauntless Scrapbot","eoe","Near Mint","Spanish","","","2025-08-21 20:56:37.747000","237","False","False","0.14"
"2","2","Dauntless Scrapbot","eoe","Near Mint","English","","","2025-08-21 20:56:37.747000","237","False","False","0.14"
"1","1","Dauntless Survivor","znr","Near Mint","Spanish","","","2024-10-21 21:06:12.817000","184","False","False",""
"1","1","Dauthi Voidwalker","tdc","Near Mint","Spanish","","","2025-04-16 17:27:27.233000","176","False","False",""
"2","2","Dawnbringer Cleric","afr","Near Mint","Spanish","","","2024-11-07 10:35:24.590000","9","False","False",""
"1","1","Dawnfeather Eagle","aer","Near Mint","English","","","2025-04-28 06:37:25.550000","14","False","False","0.06"
"1","1","Dawning Purist","ons","Near Mint","Spanish","","","2025-04-28 06:37:25.550000","22","False","False","0.11"
"1","1","Dawn's Light Archer","ecl","Near Mint","Spanish","","","2026-01-19 17:35:55.460000","174","False","False","0.15"
"1","1","Dawn's Truce","blb","Near Mint","Spanish","","","2024-10-22 09:23:15.393000","295","False","False",""
"1","1","Dawnsire, Sunstar Dreadnought","eoe","Near Mint","Spanish","","","2025-09-13 23:25:25.140000","238","False","False",""
"1","1","Dawnstrike Vanguard","eoe","Near Mint","Spanish","","","2025-09-01 16:39:28.257000","10","False","False","0.08"
"1","1","Dawnstrike Vanguard","eoe","Near Mint","English","","","2025-09-01 16:39:28.257000","10","False","False","0.08"
"4","4","Daybreak Chimera","thb","Near Mint","Spanish","","","2025-04-28 06:37:25.550000","10","False","False","0.02"
"1","1","Dazzling Angel","fdn","Near Mint","Spanish","","","2025-11-24 17:25:14.333000","9","False","False","0.20"
"1","1","Dazzling Angel","fdn","Near Mint","English","","","2025-11-24 17:25:14.333000","9","False","False","0.20"
"1","1","Deadeye Duelist","otj","Near Mint","English","","","2025-04-28 06:37:25.550000","119","False","False","0.05"
"1","1","Deadly Dispute","clb","Near Mint","English","","","2025-02-19 09:23:05.400000","124","False","False",""
"1","1","Deadly Dispute","clb","Near Mint","Spanish","","","2025-11-17 08:09:23.107000","124","False","False",""
"1","1","Deadly Precision","tla","Near Mint","English","","","2025-11-15 16:33:07.270000","95","False","False","0.22"
"2","2","Deadly Recluse","cmm","Near Mint","English","","","2025-04-28 06:37:25.550000","282","False","False","0.07"
"1","1","Deadly Riposte","fdn","Near Mint","Spanish","","","2025-04-28 06:37:25.550000","492","False","False","0.39"
"1","1","Deadly Riposte","fdn","Near Mint","English","","","2025-04-28 06:37:25.550000","492","False","False","0.39"
"1","1","Deal Gone Bad","j25","Near Mint","Spanish","","","2024-12-06 11:05:42.763000","419","False","False",""
"1","1","Deathleaper, Terror Weapon","40k","Near Mint","English","","","2024-10-21 15:47:07.003000","115","False","False",""
"2","2","Deathless Pilot","dft","Near Mint","English","","","2025-03-03 13:38:12.720000","82","False","False",""
"1","1","Death's Presence","40k","Near Mint","English","","","2024-10-21 21:10:26.567000","212","False","False",""
"1","1","Debris Field Crusher","eoe","Near Mint","Spanish","","","2025-08-21 20:56:37.747000","131","False","False","0.07"
"1","1","Debtors' Knell","gk2","Near Mint","English","","","2025-04-08 10:01:13.167000","39","False","False",""
"2","2","Decode Transmissions","eoe","Near Mint","Spanish","","","2025-08-21 20:56:37.747000","94","False","False","0.07"
"1","1","Deem Inferior","mh3","Near Mint","Spanish","","","2025-11-12 10:11:55.850000","57","False","False","0.16"
"1","1","Deem Inferior","mh3","Near Mint","Spanish","","","2025-11-17 08:09:05.513000","57","False","False","0.17"
"1","1","Deep Analysis","dmr","Near Mint","Spanish","","","2025-11-24 08:11:01.210000","46","False","False",""
"1","1","Deepchannel Duelist","ecl","Near Mint","Spanish","","","2026-01-19 17:35:55.460000","333","False","False","0.48"
"1","1","Deepmuck Desperado","otj","Near Mint","English","","","2025-04-28 06:37:25.550000","42","False","False","0.10"
"2","2","Defiant Survivor","dsk","Near Mint","English","","","2024-10-21 21:01:02.167000","175","False","False",""
"1","1","Defiant Survivor","dsk","Near Mint","English","foil","","2024-10-21 20:54:07.557000","175","False","False",""
"1","1","Defiled Crypt // Cadaver Lab","dsk","Near Mint","English","","","2024-10-22 09:57:20.667000","91","False","False",""
"1","1","Defiler of Instinct","dmu","Near Mint","Spanish","","","2025-04-21 13:06:08.657000","119","False","False",""
"1","1","Delivery Moogle","fin","Near Mint","Spanish","","","2025-06-23 16:34:13.207000","15","False","False","0.09"
"1","1","Delta Bloodflies","tdm","Near Mint","English","","","2025-05-18 06:32:46.543000","77","False","False",""
"4","4","Delver of Secrets // Insectile Aberration","inr","Near Mint","English","","","2025-11-15 16:33:07.270000","60","False","False","0.34"
"1","1","Demon of Fate's Design","dsc","Near Mint","Spanish","","","2024-10-21 12:00:13.360000","137","False","False",""
"1","1","Demonic Counsel","dsk","Near Mint","English","","","2024-10-22 09:47:54.707000","92","False","False",""
"1","1","Deny Existence","soi","Near Mint","English","","","2025-11-24 17:25:14.333000","55","False","False","0.05"
"3","3","Deny the Divine","thb","Near Mint","Spanish","","","2025-11-24 17:25:14.333000","47","False","False","0.04"
"1","1","Depressurize","eoe","Near Mint","English","","","2025-08-21 20:56:37.747000","95","False","False","0.06"
"2","2","Depressurize","eoe","Near Mint","Spanish","","","2025-08-21 20:56:37.747000","95","False","False","0.06"
"1","1","Derelict Attic // Widow's Walk","dsk","Near Mint","English","","","2024-10-22 09:57:07.843000","93","False","False",""
"3","3","Derelict Attic // Widow's Walk","dsk","Near Mint","Spanish","","","2025-08-05 16:31:09.953000","93","False","False",""
"4","4","Descendant of Storms","tdm","Near Mint","English","","","2025-10-14 09:23:36.167000","8","False","False","0.13"
"1","1","Desculpting Blast","eoe","Near Mint","English","foil","","2025-08-21 20:56:37.747000","54","False","False","0.13"
"1","1","Desert","tsb","Near Mint","Spanish","","","2024-10-21 10:41:08.480000","118","False","False",""
"1","1","Deserted Temple","mh3","Near Mint","Spanish","","","2025-11-12 10:11:55.850000","301","False","False","0.63"
"1","1","Deserted Temple","eos","Near Mint","English","","","2025-08-05 16:48:33.727000","11","False","False",""
"2","2","Desert's Due","otj","Near Mint","English","","","2025-04-28 06:37:25.550000","85","False","False","0.03"
"1","1","Desperate Bloodseeker","otj","Near Mint","English","","","2025-04-28 06:37:25.550000","86","False","False","0.07"
"1","1","Destined Confrontation","tla","Near Mint","English","","","2025-11-15 16:33:07.270000","15","False","False","0.24"
"4","4","Destroy Evil","dmu","Near Mint","English","","","2025-10-21 12:58:38.197000","17","False","False","0.58"
"1","1","Destructive Tampering","m21","Near Mint","Spanish","","","2025-04-28 06:37:25.550000","141","False","False","0.04"
"1","1","Destructive Tampering","m21","Near Mint","English","","","2025-04-28 06:37:25.550000","141","False","False","0.04"
"2","2","Desynchronize","bro","Near Mint","English","","","2025-11-24 17:25:14.333000","46","False","False","0.14"
"1","1","Desynchronize","bro","Near Mint","Spanish","","","2025-11-24 17:25:14.333000","46","False","False","0.14"
"1","1","Dewdrop Cure","blb","Near Mint","Spanish","","","2024-10-22 09:22:46.273000","10","False","False",""
"1","1","Dhund Operative","cmr","Near Mint","Spanish","foil","","2025-11-24 17:25:14.333000","119","False","False","0.07"
"1","1","Dhund Operative","cmr","Near Mint","Spanish","","","2025-11-24 17:25:14.333000","119","False","False","0.04"
"1","1","Diabolic Tutor","m10","Near Mint","Spanish","","","2025-01-22 09:33:03.660000","91","False","False",""
"1","1","Diabolic Tutor","m11","Near Mint","Spanish","","","2025-01-22 09:33:16.313000","93","False","False",""
"1","1","Diabolic Vision","dsc","Near Mint","Spanish","","","2024-10-21 12:01:44.780000","87","False","False",""
"3","3","Didact Echo","lci","Near Mint","Spanish","","","2025-11-24 17:25:14.333000","53","False","False","0.06"
"1","1","Dihada's Ploy","mh2","Near Mint","English","","","2024-10-21 15:40:18.897000","193","False","False",""
"1","1","Dimir Aqueduct","dsc","Near Mint","Spanish","","","2024-10-21 12:14:48.620000","270","False","False",""
"1","1","Dimir House Guard","rvr","Near Mint","English","","","2025-01-13 18:46:42.753000","324","False","False",""
"1","1","Dimir Signet","mm3","Near Mint","English","","","2026-01-13 11:06:27.573000","219","False","False",""
"1","1","Diplomatic Relations","eoe","Near Mint","Spanish","","","2025-08-21 20:56:37.747000","177","False","False","0.03"
"1","1","Diplomatic Relations","eoe","Near Mint","English","","","2025-09-17 22:50:53.527000","177","False","False",""
"1","1","Dire Downdraft","blb","Near Mint","English","","","2025-08-05 16:30:28.470000","46","False","False","0.06"
"1","1","Diresight","blb","Near Mint","Spanish","","","2024-10-22 09:44:54.010000","91","False","False",""
"2","2","Discerning Peddler","otj","Near Mint","English","","","2025-04-28 06:37:25.550000","121","False","False","0.08"
"1","1","Disciple of Bolas","tdc","Near Mint","Spanish","","","2025-04-16 17:27:32.027000","178","False","False",""
"1","1","Disciple of the Vault","mrd","Near Mint","Spanish","","","2025-01-20 10:23:47.327000","62","False","False",""
"2","2","Disenchant","fdn","Near Mint","Spanish","","","2025-04-28 06:37:25.550000","572","False","False","0.16"
"1","1","Disenchant","cn2","Near Mint","English","","","2024-10-22 09:39:34.417000","82","False","False",""
"1","1","Dismal Backwater","iko","Near Mint","English","","","2025-04-21 13:08:09.073000","246","False","False",""
"1","1","Dismantling Blow","c18","Near Mint","English","","","2024-10-22 09:40:19.110000","66","False","False",""
"1","1","Dispelling Exhale","tdm","Near Mint","Spanish","","","2025-09-17 22:56:35.353000","41","False","False",""
"1","1","Disposal Mummy","hou","Near Mint","English","","","2025-04-28 06:37:25.550000","9","False","False","0.06"
"1","1","Disruption Protocol","neo","Near Mint","English","","","2025-11-24 17:25:14.333000","51","False","False","0.20"
"1","1","Disturbing Conversion","mom","Near Mint","English","","","2025-11-24 17:25:14.333000","54","False","False","0.04"
"3","3","Disturbing Mirth","dsk","Near Mint","English","","","2024-10-21 15:38:03.953000","212","False","False",""
"1","1","Diversion Specialist","dsk","Near Mint","English","","","2024-10-22 08:35:31.490000","132","False","False",""
"1","1","Divert Disaster","eoe","Near Mint","Spanish","","","2025-08-21 20:56:37.747000","55","False","False","0.05"
"2","2","Divert Disaster","eoe","Near Mint","English","","","2025-09-01 16:39:28.257000","55","False","False","0.08"
"2","2","Divert Disaster","eoe","Near Mint","Spanish","","","2025-09-01 16:39:28.257000","55","False","False","0.08"
"1","1","Divination","cn2","Near Mint","Spanish","","","2025-11-24 17:25:14.333000","109","False","False","0.07"
"2","2","Divine Arrow","war","Near Mint","Spanish","","","2025-04-28 06:37:25.550000","10","False","False","0.09"
"2","2","Divine Favor","m14","Near Mint","Spanish","","","2025-06-08 10:22:45.030000","17","False","False",""
"1","1","Diviner of Mist","tdc","Near Mint","Spanish","","","2025-04-16 17:27:36.607000","20","False","False",""
"1","1","Diviner's Portent","afc","Near Mint","English","","","2024-10-18 22:37:50.980000","15","False","False",""
"1","1","Doc Ock's Henchmen","spm","Near Mint","Spanish","","","2025-09-30 06:47:49.873000","30","False","False",""
"2","2","Dockworker Drone","eoe","Near Mint","Spanish","","","2025-09-01 16:39:28.257000","11","False","False","0.04"
"1","1","Dockworker Drone","eoe","Near Mint","English","","","2025-08-21 20:56:37.747000","11","False","False","0.05"
"1","1","Dog Umbra","mh3","Near Mint","Spanish","","","2025-11-12 10:11:55.850000","22","False","False","0.04"
"1","1","Don't Make a Sound","dsk","Near Mint","English","","","2025-05-25 11:23:38.607000","49","False","False","0.07"
"5","5","Don't Make a Sound","dsk","Near Mint","English","","","2024-12-21 09:45:43.290000","49","False","False",""
"1","1","Don't Make a Sound","dsk","Near Mint","Spanish","","","2025-03-30 08:51:43.613000","49","False","False",""
"1","1","Doomed Necromancer","j25","Near Mint","Spanish","","","2024-12-06 11:00:18.303000","426","False","False",""
"1","1","Doomed Traveler","clu","Near Mint","Spanish","","","2025-04-28 06:37:25.550000","59","False","False","0.29"
"1","1","Doomed Traveler","clu","Near Mint","English","","","2025-04-28 06:37:25.550000","59","False","False","0.29"
"1","1","Doomed Traveler","cn2","Near Mint","English","","","2024-10-22 09:40:02.350000","83","False","False",""
"1","1","Doomskar Oracle","khm","Near Mint","Spanish","","","2025-04-28 06:37:25.550000","10","False","False","0.06"
"1","1","Doomwake Giant","dsc","Near Mint","Spanish","","","2024-10-21 12:00:17.770000","138","False","False",""
"1","1","Dovin's Veto","fca","Near Mint","Spanish","","","2025-06-23 16:37:38.363000","51","False","False",""
"1","1","Downsize","rvr","Near Mint","Spanish","","","2025-11-24 17:25:14.333000","41","False","False","0.04"
"1","1","Drag to the Roots","dsk","Near Mint","English","","","2024-10-21 15:43:17.510000","213","False","False",""
"1","1","Dragon Egg","cmr","Near Mint","English","","","2025-09-02 19:07:17.347000","173","False","False",""
"1","1","Dragon Sniper","tdm","Near Mint","Spanish","","","2025-09-17 22:58:12.540000","139","False","False",""
"3","3","Dragon Whelp","dmu","Near Mint","Spanish","","","2024-11-08 12:06:42.730000","120","False","False",""
"1","1","Dragonborn Looter","clb","Near Mint","Spanish","","","2025-11-24 17:25:14.333000","65","False","False","0.10"
"1","1","Dragon's Hoard","pw25","Near Mint","English","foil","","2025-05-25 11:23:38.607000","1p","False","False",""
"1","1","Dragon's Presence","gs1","Near Mint","English","","","2025-04-28 06:37:25.550000","16","False","False","0.13"
"1","1","Dragon's Prey","tdm","Near Mint","Spanish","","","2025-09-17 22:55:04.777000","79","False","False",""
"1","1","Dragonsguard Elite","stx","Near Mint","Spanish","","","2024-10-21 21:06:05.513000","127","False","False",""
"1","1","Dragonspeaker Shaman","pw25","Near Mint","English","","","2025-05-25 11:23:38.607000","3","False","False",""
"1","1","Dragonstorm Globe","tdm","Near Mint","English","","","2025-05-18 06:33:50.763000","241","False","False",""
"1","1","Dragonwing Glider","one","Near Mint","Spanish","","","2024-11-08 12:10:29.623000","128","False","False",""
"1","1","Dragoon's Wyvern","fin","Near Mint","Spanish","","","2025-06-23 16:34:13.207000","49","False","False","0.02"
"1","1","Dragoon's Wyvern","fin","Near Mint","English","","","2025-07-01 06:01:11.193000","49","False","False",""
"1","1","Drannith Healer","iko","Near Mint","Spanish","","","2025-11-24 17:25:14.333000","10","False","False","0.20"
"2","2","Dread Linnorm // Scale Deflection","clb","Near Mint","Spanish","","","2025-11-24 17:25:14.333000","225","False","False","0.17"
"1","1","Dread Return","cmm","Near Mint","Spanish","","","2025-11-12 10:11:55.850000","153","False","False","0.12"
"1","1","Dreadwing Scavenger","fdn","Near Mint","English","","","2024-12-21 09:52:16.317000","118","False","False",""
"1","1","Dream Eater","dsc","Near Mint","Spanish","","","2024-10-21 12:00:22.223000","116","False","False",""
"1","1","Dreamroot Cascade","tdc","Near Mint","Spanish","","","2025-04-16 17:32:47.200000","358","False","False",""
"1","1","Dreamroot Cascade","tdc","Near Mint","English","","","2025-05-15 08:44:05.070000","358","False","False",""
"1","1","Dreams of Laguna","fin","Near Mint","Spanish","","","2025-06-23 16:34:13.207000","50","False","False","0.02"
"1","1","Drift of Phantasms","rvr","Near Mint","English","","","2025-11-24 08:10:38.463000","42","False","False",""
"2","2","Drill Too Deep","eoe","Near Mint","English","","","2025-08-21 20:56:37.747000","133","False","False","0.02"
"2","2","Drill Too Deep","eoe","Near Mint","Spanish","","","2025-08-21 20:56:37.747000","133","False","False","0.02"
"1","1","Drill Too Deep","eoe","Near Mint","Spanish","","","2025-09-01 16:39:28.257000","133","False","False","0.06"
"1","1","Drill Too Deep","eoe","Near Mint","Spanish","foil","","2025-08-21 20:56:37.747000","133","False","False","0.06"
"1","1","Drix Fatemaker","eoe","Near Mint","English","","","2025-08-21 20:56:37.747000","178","False","False","0.05"
"1","1","Drix Fatemaker","eoe","Near Mint","English","foil","","2025-08-21 20:56:37.747000","178","False","False","0.06"
"3","3","Drix Fatemaker","eoe","Near Mint","Spanish","","","2025-08-21 20:56:37.747000","178","False","False","0.05"
"1","1","Dromoka Warrior","dtk","Near Mint","Spanish","","","2025-05-12 18:36:36.390000","14","False","False",""
"4","4","Drossforge Bridge","mh2","Near Mint","English","","","2025-11-28 11:54:34.177000","246","False","False",""
"1","1","Drover Grizzly","otj","Near Mint","English","","","2025-04-28 06:37:25.550000","161","False","False","0.04"
"1","1","Drowned Catacomb","m12","Near Mint","Spanish","","","2025-06-08 10:31:10.317000","226","False","False",""
"1","1","Drownyard Temple","tdc","Near Mint","Spanish","","","2025-04-16 17:32:50.787000","359","False","False",""
"1","1","Druid of the Emerald Grove","clb","Near Mint","English","","","2025-11-24 17:25:14.333000","226","False","False","0.13"
"1","1","Druid of the Spade","blb","Near Mint","Spanish","","","2024-10-21 21:05:56.617000","170","False","False",""
"1","1","Dualcaster Mage","cmr","Near Mint","English","","","2025-01-14 09:47:40.767000","412","False","False",""
"1","1","Dual-Sun Adepts","eoe","Near Mint","English","","","2025-08-21 20:56:37.747000","12","False","False","0.06"
"2","2","Dual-Sun Technique","eoe","Near Mint","Spanish","","","2025-09-01 16:39:28.257000","13","False","False","0.11"
"1","1","Dubious Delicacy","eoe","Near Mint","Spanish","","","2025-08-21 20:56:37.747000","96","False","False","0.11"
"2","2","Dubious Delicacy","eoe","Near Mint","English","","","2025-08-21 20:56:37.747000","96","False","False","0.11"
"1","1","Dúnedain Blade","ltr","Near Mint","English","","","2025-04-28 06:37:25.550000","6","False","False","0.08"
"1","1","Dúnedain Blade","ltr","Near Mint","English","","","2025-11-17 08:09:05.513000","6","False","False","0.07"
"1","1","Dúnedain Blade","ltr","Near Mint","English","","","2024-11-08 11:51:52.473000","6","False","False",""
"2","2","Dunland Crebain","ltr","Near Mint","English","","","2024-11-08 11:53:49.957000","82","False","False",""
"3","3","Duress","dmr","Near Mint","English","","","2025-11-12 10:11:55.850000","81","False","False","0.04"
"4","4","Duress","dmr","Near Mint","Spanish","","","2025-10-14 09:23:36.167000","81","False","False","0.07"
"1","1","Durkwood Baloth","tsr","Near Mint","English","","","2025-04-28 06:37:25.550000","200","False","False","0.09"
"1","1","Dusk Legion Duelist","mom","Near Mint","Spanish","","","2024-11-08 12:03:53.390000","11","False","False",""
"1","1","Dusk Mangler","j25","Near Mint","Spanish","","","2024-12-06 11:06:03.460000","430","False","False",""
"2","2","Duskmourn's Domination","dsk","Near Mint","English","","","2024-10-22 07:49:34.010000","50","False","False",""
"4","4","Dust to Dust","drk","Near Mint","English","","","2025-11-07 12:31:54.520000","5","False","False",""
"1","1","Dwarven Castle Guard","fin","Near Mint","Spanish","","","2025-06-23 16:34:13.207000","18","False","False","0.02"
"1","1","Dynamite Diver","dft","Near Mint","English","","","2025-05-25 11:23:38.607000","123","False","False","0.05"
"1","1","Dynamite Diver","dft","Near Mint","English","","","2025-03-03 13:43:34.183000","123","False","False",""
"1","1","Eager Trufflesnout","fdn","Near Mint","Spanish","","","2024-11-09 09:29:25.217000","102","False","False",""
"3","3","Eagles of the North","ltr","Near Mint","Spanish","","","2024-10-24 12:49:12.020000","7","False","False",""
"1","1","Eagles of the North","ltr","Near Mint","English","","","2025-11-17 08:09:05.513000","7","False","False","0.17"
"1","1","Early Frost","5dn","Near Mint","Spanish","","","2025-11-24 17:25:14.333000","29","False","False","0.02"
"1","1","Early Winter","blb","Near Mint","Spanish","","","2024-10-22 09:44:37.067000","93","False","False",""
"1","1","Earth Kingdom Soldier","tla","Near Mint","English","","","2025-11-15 16:33:07.270000","216","False","False","0.05"
"1","1","Earthbending Lesson","tla","Near Mint","English","","","2025-11-15 16:33:07.270000","176","False","False","0.11"
"2","2","Easterling Vanguard","ltr","Near Mint","English","","","2024-11-08 11:53:49.957000","83","False","False",""
"1","1","Eastfarthing Farmer","ltr","Near Mint","English","","","2024-11-08 11:51:52.473000","8","False","False",""
"1","1","East-Mark Cavalier","ltr","Near Mint","English","","","2024-11-08 11:51:52.473000","9","False","False",""
"1","1","Eaten Alive","inr","Near Mint","English","","","2025-11-24 17:25:14.333000","106","False","False","0.06"
"1","1","Eaten Alive","fdn","Near Mint","English","","","2025-11-24 16:58:40.327000","172","False","False",""
"2","2","Echo Inspector","snc","Near Mint","Spanish","","","2025-11-24 17:25:14.333000","40","False","False","0.03"
"1","1","Eclipsed Kithkin","ecl","Near Mint","Spanish","","","2026-01-19 17:35:55.460000","220","False","False","0.15"
"1","1","Eclipsed Merrow","ecl","Near Mint","Spanish","","","2026-01-19 17:35:55.460000","221","False","False","0.13"
"2","2","Eddymurk Crab","blb","Near Mint","Spanish","","","2024-10-22 07:36:20.450000","48","False","False",""
"1","1","Eddytrail Hawk","kld","Near Mint","Spanish","","","2025-04-28 06:37:25.550000","12","False","False","0.09"
"1","1","Eden, Seat of the Sanctum","fin","Near Mint","English","","","2025-07-01 06:04:17.223000","355","False","False",""
"1","1","Edge Rover","eoe","Near Mint","Spanish","","","2025-08-21 20:56:37.747000","179","False","False","0.17"
"1","1","Edge Rover","eoe","Near Mint","Spanish","foil","","2025-08-21 20:56:37.747000","179","False","False","0.14"
"2","2","Edge Rover","eoe","Near Mint","English","","","2025-12-01 07:58:34.600000","179","False","False",""
"1","1","Eerie Gravestone","spm","Near Mint","English","","","2025-10-05 12:47:40.060000","163","False","False",""
"1","1","Elder Auntie","ecl","Near Mint","Spanish","","","2026-01-19 17:35:55.460000","133","False","False","0.14"
"1","1","Eldrazi Linebreaker","mh3","Near Mint","Spanish","","","2025-11-12 10:11:55.850000","117","False","False","0.37"
"1","1","Electrickery","rtr","Near Mint","Spanish","","","2024-10-21 10:44:01.360000","93","False","False",""
"1","1","Electrolyze","gk1","Near Mint","Spanish","","","2024-10-31 14:06:50.510000","37","False","False",""
"1","1","Electro's Bolt","spm","Near Mint","Spanish","","","2025-09-30 06:48:10.963000","77","False","False",""
"1","1","Electrostatic Field","otc","Near Mint","Spanish","","","2024-10-21 10:17:47.197000","164","False","False",""
"1","1","Elementalist Adept","fdn","Near Mint","English","","","2025-11-24 17:25:14.333000","36","False","False","0.07"
"1","1","Elfhame Wurm","dmu","Near Mint","English","","","2026-01-13 11:07:12.217000","161","False","False",""
"1","1","Elfhame Wurm","dmu","Near Mint","Spanish","","","2025-04-28 06:37:25.550000","161","False","False","0.08"
"1","1","Elvish Mystic","m15","Near Mint","Spanish","","","2025-09-30 07:00:40.507000","173","False","False",""
"1","1","Elvish Refueler","dft","Near Mint","English","","","2025-08-05 16:30:28.470000","161","False","False","0.04"
"1","1","Embiggen","unf","Near Mint","English","","","2025-11-24 17:25:14.333000","137","False","False","0.75"
"2","2","Embrace Oblivion","eoe","Near Mint","Spanish","","","2025-08-21 20:56:37.747000","98","False","False","0.07"
"1","1","Embrace Oblivion","eoe","Near Mint","Spanish","","","2025-09-13 23:28:57.263000","98","False","False",""
"1","1","Embrace Oblivion","eoe","Near Mint","English","","","2025-08-21 20:56:37.747000","98","False","False","0.07"
"1","1","Emerge from the Cocoon","dsk","Near Mint","Spanish","","","2025-03-30 08:53:17.933000","5","False","False",""
"3","3","Emerge from the Cocoon","dsk","Near Mint","English","","","2024-10-22 09:38:34.497000","5","False","False",""
"1","1","Emergency Eject","eoe","Near Mint","Spanish","","","2025-08-21 20:56:37.747000","14","False","False","0.17"
"1","1","Empyrean Eagle","fdn","Near Mint","English","","","2025-11-24 17:25:14.333000","239","False","False","0.11"
"1","1","End the Festivities","vow","Near Mint","Spanish","","","2024-10-21 10:31:57.487000","155","False","False",""
"1","1","Endless Sands","eos","Near Mint","Spanish","","","2025-08-05 16:48:57.083000","15","False","False",""
"2","2","Endrider Catalyzer","dft","Near Mint","English","","","2025-08-05 16:30:28.470000","124","False","False","0.03"
"1","1","Enduring Courage","dsk","Near Mint","English","","","2025-11-07 12:32:30.933000","133","False","False",""
"1","1","Enduring Curiosity","dsk","Near Mint","English","","","2025-10-23 22:07:04.040000","51","False","False",""
"1","1","Enduring Innocence","dsk","Near Mint","English","","","2024-10-22 09:31:09.620000","6","False","False",""
"1","1","Enduring Tenacity","dsk","Near Mint","English","","","2024-10-22 09:47:44.053000","95","False","False",""
"2","2","Energy Refractor","bro","Near Mint","English","","","2026-01-08 09:39:45.680000","234","False","False",""
"1","1","Energy Refractor","bro","Near Mint","English","","","2025-11-17 08:09:05.513000","234","False","False","0.17"
"1","1","Enhanced Awareness","frf","Near Mint","English","","","2024-10-31 14:07:04.327000","33","False","False",""
"3","3","Enter the Enigma","dsk","Near Mint","English","","","2024-10-22 07:47:11.800000","52","False","False",""
"1","1","Enter the Enigma","dsk","Near Mint","English","","","2025-05-25 11:23:38.607000","52","False","False","0.15"
"1","1","Entity Tracker","dsk","Near Mint","English","","","2025-04-09 10:31:43.627000","307","False","False",""
"1","1","Entourage of Trest","cmr","Near Mint","English","","","2025-09-02 19:08:06.773000","224","False","False",""
"1","1","Entreat the Angels","dsc","Near Mint","Spanish","","","2024-10-21 12:01:58.963000","99","False","False",""
"1","1","Entropic Battlecruiser","eoe","Near Mint","Spanish","","","2025-09-13 23:24:28.193000","99","False","False",""
"2","2","Envoy of Okinec Ahau","lci","Near Mint","Spanish","","","2025-04-28 06:37:25.550000","11","False","False","0.05"
